4607 6238
2694 706 3133 779 ...14-

1468 870 1696 958 plasmi
1745 891 1938 960 quem
1996 881 2230 937 vocant
2275 889 2471 938 casus
2518 867 2793 958 genetivi
2848 868 3175 936 nominum
3223 867 3285 934 in
3328 891 3439 953 -ης
3484 871 3855 937 exeuntium
3901 875 4087 944 cuius
4132 877 4239 946 hic
4286 881 4362 948 ti-

1465 987 1636 1055 tulus
1683 985 1812 1054 duo
1859 983 2118 1052 exhibet
2163 984 2519 1073 specimina
2566 985 2648 1068 (v.
2686 985 2723 1048 7
2764 978 3259 1067 Ἀριστοκράτου
3304 995 3371 1052 et
3414 1007 3475 1052 v.
3522 983 3562 1050 9
3610 984 4044 1072 Ξενωιρᾶτου)
4090 993 4362 1081 plurima

1467 1103 1766 1191 exempla
1809 1101 2071 1189 collegit
2113 1101 2351 1190 Ussing
2392 1103 2593 1168 Inscr.
2642 1121 2735 1189 gr.
2783 1098 2953 1167 ined.
3002 1121 3065 1187 p.
3114 1098 3197 1165 14
3240 1101 3323 1168 ad
3373 1120 3543 1190 quae
3589 1099 3762 1170 haud
3808 1106 4121 1192 pauciora
4164 1129 4361 1178 acce-

1469 1217 1627 1286 dunt
1673 1240 1710 1286 e
1742 1218 1934 1284 titulis
1965 1214 2183 1284 Atticis
2231 1235 2443 1302 nuper
2484 1211 2777 1300 repertis,
2847 1211 3017 1278 Patri
3064 1211 3509 1300 Asclepiodori
3558 1235 3709 1281 num
3754 1236 3985 1285 revera
4030 1223 4363 1310 Euqem'ppi

1465 1351 1700 1398 nomen
1761 1331 1979 1410 fuerit,
2053 1331 2230 1420 quod
2294 1327 2505 1396 solum
2566 1347 2603 1393 e
2667 1327 2867 1394 literis
2942 1347 3259 1408 γενιππου
3320 1327 3383 1394 in
3442 1328 3823 1417 apographo
3884 1334 4159 1402 servatis
4216 1335 4359 1404 elici

1466 1469 1668 1536 posse
1715 1447 1863 1512 mihi
1908 1446 2278 1522 videbatur,
2346 1442 2535 1511 valde
2582 1441 2838 1521 dubito,
2904 1461 3053 1510 cum
3100 1441 3341 1509 nullum
3386 1441 3577 1510 huius
3626 1446 3897 1518 nominis
3945 1447 4093 1514 mihi
4140 1461 4359 1518 notum

1466 1564 1546 1629 sit
1603 1563 1968 1651 exemplum
2027 1562 2461 1650 suspicorque
2522 1559 2793 1646 primam
2840 1581 2899 1624 v.
2962 1558 3037 1623 11
3100 1558 3345 1626 literam
3408 1579 3537 1626 non
3584 1562 3649 1623 Γ
3685 1560 3805 1626 sed
3868 1572 3977 1628 aut
4020 1566 4111 1626 M
4145 1575 4257 1632 aut
4301 1565 4367 1639 Ξ

1467 1699 1652 1753 esse,
1717 1689 1787 1744 ut
1829 1678 2108 1766 Menippi
2170 1688 2280 1744 aut
2324 1673 2679 1762 Euxenippi
2738 1672 3074 1740 cuiusdam
3138 1673 3305 1741 filius
3362 1675 3550 1741 suerit
3600 1675 4125 1764 Asclepiodorus.
4218 1679 4354 1748 Sub

1467 1793 1658 1862 finem
1722 1793 2014 1860 eiusdem
2075 1813 2309 1860 versus
2374 1789 2555 1880 quod
2608 1791 2852 1857 restitui
2916 1773 3405 1875 παρεσκεύακαν
3462 1790 3647 1857 simili
3706 1792 3977 1859 aliorum
4035 1794 4355 1863 titulorum

1463 1908 1719 1976 dicendi
1767 1908 2014 1974 ratione
2059 1906 2582 1986 commendatur-3
2632 1906 2709 1973 cs.
2760 1905 3091 1973 decretum
3134 1906 3506 1994 Orgeonum
3554 1903 3766 1976 Matris
3813 1909 4081 1998 Magnae
4127 1911 4351 1978 Pirae-

1418 2091 1426 2099 ,
1465 2026 1712 2092 ensium
1762 2023 2002 2092 editum
2051 2023 2114 2090 in
2159 2022 2405 2089 Nuntiis
2452 2020 2963 2111 archaeologicis
3040 2019 3481 2111 (archaeolog.
3528 2024 3846 2112 Anzeiger
3896 2024 4089 2102 1855,
4138 2049 4201 2092 n.
4250 2024 4357 2090 82.

1464 2139 1584 2213 83,
1635 2160 1692 2226 p.
1724 2138 1808 2203 83
1835 2139 1873 2174 *
1903 2163 1964 2204 n.
2003 2138 2091 2220 1):
2153 2134 2505 2222 εὔχρηστον
2550 2133 2785 2202 ἑαυτὸν
2828 2134 3331 2219 παρασκευάζων
3376 2149 3443 2204 et
3484 2139 3712 2206 iterum
3760 2137 3835 2222 ἐμ
3878 2143 4077 2203 πᾶσιν
4120 2135 4360 2204 εὔνουν

1463 2251 1698 2320 ἑαυτὸν
1753 2250 2292 2337 παρασκευάζωνς
2364 2253 2699 2322 decretum
2760 2253 2821 2320 in
2867 2251 3179 2328 honorem
3240 2254 3513 2322 Phaedri
3580 2275 3617 2320 a
3663 2253 3945 2320 Kliibero
4008 2253 4249 2324 editum
4296 2255 4358 2322 in

1464 2371 1634 2438 Actis
1683 2384 1822 2437 soc.
1870 2367 2089 2457 philol.
2140 2367 2393 2437 Virceb.
2447 2367 2535 2456 (p.
2592 2366 2718 2433 100
2762 2389 2822 2434 v.
2870 2367 2957 2433 20
3003 2371 3115 2449 S.).:
3180 2367 3601 2436 διατετέλεκεν
3644 2364 3877 2435 ἑαυτὸν
3922 2366 4105 2448 ἄξιον
4148 2393 4359 2454 παρα-

1461 2481 1786 2565 σκευάζων
1828 2489 1942 2569 τῆς
1984 2480 2148 2570 πρὸς
2189 2481 2309 2549 τὸν
2350 2485 2559 2568 δῆμον
2604 2457 2891 2560 advolvam
2954 2483 3027 2550 G.
3077 2487 3121 2550 1.
3170 2484 3277 2551 Gr.
3326 2507 3388 2551 n.
3438 2483 3643 2560 2271,
3714 2507 3771 2551 v.
3822 2485 3905 2550 27
3952 2509 4033 2554 S.:
4082 2487 4191 2550 ἵνα
4236 2476 4361 2550 οὖν

1463 2601 1572 2667 καὶ
1614 2602 1702 2678 εἰς
1744 2598 1862 2666 τὸν
1905 2595 2137 2665 λοιπὸν
2181 2595 2421 2684 χρόνον
2466 2593 2921 2683 ἄπαράκλητον
2966 2596 3200 2666 ἑαυτὸν
3242 2595 3726 2685 παρασκευάζῃ,
3780 2599 3932 2668 ibid.
3980 2625 4045 2668 n.
4100 2599 4271 2668 2347
4320 2621 4358 2668 c

1464 2739 1524 2785 v.
1571 2717 1646 2783 5:
1693 2719 1890 2784 πᾶσιν
1935 2711 2169 2782 ἑαυτὸν
2214 2711 2563 2798 εὔχρηστον
2606 2713 2714 2780 καὶ
2758 2710 3133 2798 φιλάγαθον
3175 2709 3719 2798 παρασκευάζωνς
3783 2716 3969 2782 Roas,
4016 2718 4214 2784 Inscr.
4262 2739 4356 2804 gr.

1464 2831 1636 2900 ined.
1663 2834 1706 2910 l,
1739 2853 1798 2897 n.
1828 2828 1933 2909 67,
1963 2852 2022 2896 v,
2055 2828 2168 2896 11:
2219 2824 2417 2904 αὐτὸς
2460 2824 2665 2895 αὐτὸν
2708 2825 3063 2914 εὔχρηστον
3104 2823 3637 2912 παρασκευάζων,
3686 2829 3847 2912 alia;
3892 2830 4094 2900 forma
4140 2843 4355 2900 autem

1465 2967 1636 3036 quae
1683 2956 1783 3012 est
1824 2941 2311 3029 παρεσκευακαν
2356 2945 2547 3012 sicui
2592 2945 2969 3032 scrupulum
3016 2943 3227 3010 iniciat
3270 2942 3323 3008 is
3372 2943 3629 3011 evolvat
3672 2945 4029 3014 Buttmanni
4074 2969 4345 3036 gramm.

1467 3083 1559 3151 gr.
1581 3061 1786 3156 ampl.
1819 3062 1870 3141 1,
1907 3082 1970 3151 p.
2004 3059 2134 3126 345
2165 3061 2270 3129 ed.
2303 3059 2415 3129 alt.
2431 3057 2493 3148 *)
2584 3059 2879 3150 Denique
2926 3081 2986 3126 v,
3028 3057 3104 3123 12
3151 3051 3367 3123 αὐτῶν
3412 3069 3479 3126 et
3518 3082 3579 3127 v.
3629 3059 3708 3127 13
3754 3061 3859 3129 καὶ
3902 3063 4166 3155 δικαίως
4209 3063 4356 3154 qui-

1465 3178 1590 3245 bus
1638 3188 1907 3266 propter
1951 3178 2331 3245 sententiam
2390 3178 2575 3245 facile
2622 3197 2953 3255 caremus,
3024 3173 3107 3242 ad
3155 3194 3382 3241 eorum
3442 3176 3553 3265 qui
3598 3177 4002 3264 praecedunt
4044 3200 4352 3245 versuum

1466 3293 1790 3361 literarum
1836 3282 2173 3360 numerum
2220 3292 2721 3384 exaequandum
2764 3290 3005 3359 addidi.
4338 3282 4349 3295 ”

1641 3407 1871 3475 Ultimo
1917 3409 2063 3476 loco
2109 3407 2422 3478 Mezieres
2471 3407 2808 3494 (memoire
2854 3428 2917 3495 p.
2972 3405 3097 3471 118
3142 3446 3211 3471 -
3256 3407 3552 3475 archives
3599 3429 3664 3494 p.
3712 3402 3863 3486 266)
3920 3404 4135 3494 posuit
4176 3404 4352 3490 frag-

1467 3534 1748 3590 mentum
1793 3523 1951 3590 tituli
1999 3524 2080 3591 ad
2127 3524 2273 3591 litus
2322 3524 2501 3591 sinus
2546 3523 2861 3611 Pagasaei
2924 3534 3255 3612 repertum
3300 3544 3509 3612 prope
3570 3522 3781 3590 vicum
3835 3522 3945 3611 qui
3989 3542 4029 3587 a
4072 3518 4355 3587 sontibus

1469 3658 1782 3728 aquarum
1829 3640 2305 3727 sulpuratarum
2352 3660 2521 3706 nunc
2569 3638 2883 3706 Calanera
2931 3634 3036 3721 (τὰ
3074 3635 3238 3704 καλὰ
3285 3635 3439 3721 νερᾶ
3488 3639 3527 3705 i.
3561 3660 3619 3706 e.
3652 3657 3865 3727 aquae
3909 3636 4149 3714 bonae)
4196 3633 4359 3717 dici-

1468 3766 1594 3831 tur,
1644 3766 1968 3825 servatum
2013 3756 2077 3822 in
2125 3756 2320 3823 domo
2367 3755 2480 3823 viri
2530 3754 2633 3823 cui
2682 3754 2903 3822 Dimos
2950 3776 3188 3823 nomen
3235 3766 3339 3823 est
3396 3749 3735 3822 habitantis
3782 3752 3845 3819 in
3891 3751 4033 3817 vico
4082 3747 4191 3839 qui
4236 3770 4363 3837 ap-

1377 3864 1380 3869 ’
1469 3870 1744 3957 pellatur
1788 3872 2026 3939 Miliaes
2077 3870 2395 3955 (Μηλιαῖς
2440 3892 2611 3960 quae
2658 3882 2762 3939 est
2808 3872 3084 3960 volgaris
3129 3872 3332 3939 forma
3381 3893 3499 3960 pro
3532 3892 3612 3938 eo
3652 3870 3831 3960 quod
3878 3879 4131 3936 veteres
4177 3866 4363 3934 dice-

1469 3984 1623 4054 bant
1665 3984 2120 4074 pul-baosupra
2166 3986 2480 4055 Calanera
2525 3988 2586 4055 in
2620 4000 2835 4056 monte
2883 3988 3059 4057 Pelio
3108 3988 3247 4055 sito.
3327 3985 3785 4076 Apographum
3834 3984 3992 4053 Galli
4040 3983 4166 4051 hoc
4212 3993 4355 4048 est:

1613 4378 1660 4448 ’)
1698 4380 1914 4432 Similes
1964 4382 2090 4430 suut
2135 4378 2347 4431 formae
2396 4382 2589 4433 tertiae
2637 4393 2903 4445 personae
2949 4378 3238 4444 singularis
3276 4377 3505 4442 perfecti
3542 4379 3597 4429 in
3634 4392 3697 4429 ει
3732 4378 4072 4435 desinentes,
4130 4388 4361 4440 quarum

1469 4470 1628 4534 plura
1673 4469 1916 4532 exempla
1966 4470 2232 4532 praebent
2277 4470 2465 4521 titulus
2504 4470 2822 4533 Carpathius
2868 4482 3044 4533 nuper
3080 4482 3111 4521 a
3148 4467 3207 4520 C.
3240 4467 3545 4522 Weschero
3590 4468 3892 4531 exscriptus
3930 4462 4003 4531 (v.
4040 4464 4227 4517 Revue
4262 4474 4359 4511 ar·

1471 4557 1859 4621 cheologique,
1911 4572 1964 4609 u.
2002 4570 2045 4608 s.
2084 4558 2234 4617 VIII,
2270 4573 2325 4622 p.
2360 4557 2505 4625 470),
2553 4559 2647 4609 ubi
2700 4573 2751 4609 v.
2789 4566 2821 4610 4
2870 4562 2928 4608 et
2966 4563 3028 4609 Π
3080 4562 3166 4608 est
3214 4552 3593 4622 διατετελέκει,
3646 4572 3698 4609 v.
3738 4563 3799 4607 11
3848 4546 4051 4618 γεγόνει
4100 4557 4157 4602 et
4201 4563 4252 4602 v.
4289 4553 4357 4599 86

1468 4642 1736 4708 τετιμάκει
1772 4644 1869 4711 (ita
1907 4646 2054 4697 enim
2093 4647 2168 4696 ibi
2206 4646 2495 4711 legendum
2534 4644 2681 4696 καθὸ
2709 4640 3000 4709 terendus,
3040 4658 3151 4695 non
3186 4642 3395 4697 καθότι·
3428 4642 3639 4710 τιμαήει
3675 4642 3818 4707 quod
3857 4639 4006 4689 dedit
4046 4632 4354 4703 wascum),

1473 4738 1528 4784 et
1565 4732 1750 4784 titulus
1788 4734 2008 4790 Cnidius
2046 4747 2077 4784 a
2112 4736 2399 4788 Newtonio
2440 4748 2723 4798 expressus
2762 4730 2829 4800 (Α
2870 4734 3077 4799 history
3114 4734 3178 4785 of
3208 4735 3541 4787 discoveries
3587 4737 3644 4781 at
3678 4730 4117 4782 Halicarnassus.
4154 4722 4359 4774 Cnidus

1471 4813 1576 4872 a'nd
1613 4820 1979 4885 Branchidae,
2019 4824 2127 4875 vol.
2163 4824 2220 4881 1,
2258 4824 2365 4877 tab.
2390 4823 2588 4895 xcm,
2626 4838 2678 4875 n.
2718 4830 2815 4885 523
2854 4822 2958 4875 vol.
2998 4824 3083 4885 11,
3124 4838 3177 4888 p.
3220 4820 3343 4889 766)
3380 4822 3473 4871 ubi
3509 4834 3559 4869 v.
3592 4826 3653 4871 11
3692 4816 3895 4879 legitur
3932 4807 4171 4873 ἒδτᾶκεδ,
4206 4826 4260 4864 V·
4288 4814 4357 4863 19

1469 4926 1764 4981 τετιμακει.

3808 5090 3813 5095 “
3880 5082 3913 5115 0
