4607 6238
2735 761 2815 770 ‚a
2910 725 2993 791 16
3088 759 3167 768 -,.

1498 883 1906 972 μηνιεῦοντες
1953 889 2036 968 (ν.
2081 882 2368 976 Hesych.
2418 906 2471 951 s.
2522 907 2577 950 v.
2627 880 2981 968 ἐπιμήνιοις
3030 885 3100 952 C.
3132 887 3177 951 Ι.
3212 886 3318 953 Gr.
3369 909 3429 953 n.
3479 882 3652 950 2448
3700 898 3765 953 et
3808 910 3869 953 n.
3920 886 4089 955 3641
4142 890 4183 958 b
4230 913 4386 980 pas·-

1499 1005 1646 1086 sim)
1694 1002 1948 1087 defendi
2007 1023 2206 1108 posse
2253 1002 2507 1069 videtur
2550 1001 2846 1088 analogia
2892 1003 3219 1068 nominum
3266 1001 4049 1091 quorundam'gentilium
4082 1007 4387 1075 Macedo-

1499 1122 1820 1191 uicorum.
1871 1100 2084 1210 dualia
2131 1129 2281 1185 sunt
2312 1114 2591 1184 Διάσται
2620 1129 2685 1183 et
2716 1113 2995 1183 Πιάσται
3026 1118 3106 1199 (v.
3140 1115 3363 1206 Steph.
3395 1119 3554 1208 Byz.
3594 1139 3647 1184 a.
3678 1141 3741 1186 v.
3774 1125 3945 1185 Δῖον
3976 1132 4043 1187 et
4074 1119 4383 1205 Πιᾶσται;

1501 1235 1910 1312 Paus.vn11‚
1960 1233 2076 1312 30,
2111 1233 2180 1321 8)
2205 1233 2260 1317 ³⁵)
2308 1245 2372 1300 et
2413 1231 2739 1299 nominum
2786 1232 3023 1322 quibus
3068 1231 3343 1322 collegia
3393 1253 3580 1299 sacra
3627 1234 3688 1298 in
3736 1233 3943 1300 insula
3991 1235 4222 1307 Rhodo
4268 1261 4381 1327 ap-

1499 1351 1817 1440 pellantur
1861 1350 2055 1417 veluti
2094 1343 2448 1428 Ἀλιασταί,
2497 1347 2995 1423 Διονυσιασταί,
3050 1347 3415 1413 Πανιασταί
3460 1344 3545 1435 (ν.
3596 1347 3663 1414 C.
3712 1349 3757 1414 1.
3808 1349 3914 1415 Gr.
3962 1373 4025 1418 n.
4075 1351 4247 1420 2525
4295 1352 4380 1437 b;

1499 1468 1578 1535 cf.
1615 1467 1683 1534 C.
1719 1467 1818 1532 Fr.
1851 1467 2175 1533 Hermann
2225 1463 2833 1533 Gottesdienstliche
2879 1463 3305 1532 Alterthiimer
3352 1463 3471 1530 der
3516 1461 3831 1532 Griechen
3878 1461 4007 1551 57,
4040 1489 4102 1534 n.
4143 1468 4224 1532 10
4270 1469 4377 1536 ed.

1500 1583 1638 1664 alt.;
1687 1582 1758 1648 C.
1807 1581 1945 1668 Keil
1993 1581 2290 1649 Schedae
2339 1579 2797 1670 epigraphicae
2846 1603 2907 1668 p.
2938 1578 3069 1662 40).
3162 1581 3270 1647 Sin
3320 1592 3571 1668 septem
3620 1579 3942 1648 literarum
3987 1582 4271 1670 vestigiis
4319 1585 4382 1652 in

1497 1691 1874 1787 apographo
1923 1698 2214 1766 indicatis
2260 1697 2647 1788 insistimuS„
2688 1718 2767 1765 ea
2818 1717 2987 1786 quae
3034 1697 3332 1764 lacunam
3380 1697 3671 1784 proxime
3718 1695 4053 1784 praecedit
4093 1697 4273 1766 litera
4319 1699 4378 1765 in

1498 1817 1522 1880 1
1569 1825 1805 1881 mutata
1852 1814 2284 1880 nanciscimur
2328 1797 2566 1880 nomen
2610 1815 2741 1878 τῶν
2786 1813 3321 1898 ἱερομηνιαστῶν,
3370 1812 3547 1901 quod
3596 1812 3678 1879 ab
3724 1833 3804 1879 eo
3854 1812 4033 1901 quod
4079 1811 4181 1880 est
4222 1807 4263 1896 ἦ
4298 1813 4382 1877 ἱε-

1499 1931 1778 2016 ρομηνία
1823 1951 2094 2018 prorsus
2141 1929 2376 1997 eodem
2423 1928 2620 1995 modo
2671 1928 2928 1995 ducitur
2972 1949 3101 2018 quo
3148 1927 3615 2012 νουμηνιασταί
3658 1927 3740 1994 ab
3776 1949 3857 1994 eo
3888 1921 4069 2018 ¹quod
4103 1937 4203 1995 est
4236 1949 4388 1992 νου-

1497 2046 1693 2130 μηνία
1743 2043 1825 2133 (ν.
1873 2046 2098 2112 Athen.
2144 2046 2279 2120 XII,
2331 2068 2394 2134 p.
2442 2043 2565 2110 551
2598 2041 2689 2130 ¹'·).
2765 2047 2861 2112 De
2906 2045 3141 2111 ultimis
3189 2045 3489 2112 versibus
3535 2042 3683 2110 nihil
3734 2043 3994 2110 omnino
4044 2044 4256 2111 dicam
4302 2064 4385 2110 ne

1498 2161 1602 2230 cui
1647 2160 1948 2228 hariolari
1993 2161 2197 2249 magis
2246 2181 2438 2250 quam
2488 2140 2858 2248 coniectare
2904 2160 3147 2228 videar.

1675 2277 1895 2344 Restat
1939 2288 2011 2343 ut
2052 2275 2385 2344 breviores
2430 2276 2647 2343 titulos
2695 2297 3079 2365 componam
3128 2297 3295 2366 quos
3344 2277 3402 2342 in
3436 2275 3629 2341 variis
3673 2272 3871 2341 libelli
3910 2273 4011 2339 sui
4057 2273 4219 2342 locis
4262 2295 4387 2362 pu-

1499 2391 1648 2460 blici
1697 2391 1852 2458 iuris
1898 2391 2048 2459 fecit
2093 2390 2422 2460 Mezieres.
2516 2393 2675 2459 Sunt
2719 2413 2876 2459 vero
2924 2391 2985 2456 hi
3032 2413 3259 2458 omnes
3318 2391 3720 2479 sepulcrales
3768 2402 3832 2458 et
3890 2389 4197 2457 levissimi
4252 2387 4387 2455 fere

1502 2508 1804 2576 momenti
1852 2519 2112 2596 praeter
2143 2529 2341 2574 unum
2384 2507 2514 2574 iam
2561 2529 2597 2572 a
2630 2507 2869 2574 Leakio
2918 2507 3158 2574 editum
3209 2507 3492 2588 (Travels
3541 2508 3602 2574 in
3635 2505 3940 2573 northern
3988 2505 4240 2573 Greece
4286 2506 4385 2587 lv,

1503 2623 1692 2691 inscr.
1743 2647 1802 2690 n.
1851 2621 2005 2702 204)
2068 2645 2260 2713 quem
2316 2621 2641 2718 Mezieres¹
2694 2621 3026 2705 (Memoire
3075 2644 3135 2709 p.
3182 2621 3269 2686 83
3316 2659 3385 2686 =
3431 2620 3737 2689 Archives
3792 2643 3859 2709 p.
3908 2617 4062 2706 231)
4124 2640 4201 2686 se
4260 2640 4389 2686 non

1501 2739 1828 2828 reperisse
1873 2748 2145 2806 testatur
2189 2738 2506 2828 cuiusque
2552 2737 2749 2804 fidem
2798 2738 3020 2804 vanius
3066 2737 3173 2803 ille
3220 2759 3415 2828 quam
3464 2738 3819 2805 consultius
3866 2738 3927 2802 in
3968 2733 4234 2803 dubium
4281 2755 4389 2801 re-

1501 2853 1711 2923 vocati
1798 2856 2116 2942 Repertus
2163 2864 2265 2921 est
2324 2865 2489 2921 teste
2533 2853 2777 2920 Leakio
2830 2853 2995 2920 inter
3038 2853 3276 2920 rudera
3334 2851 3829 2921 substructionis
3885 2854 4029 2919 viae
4084 2851 4389 2940 antiquae

1503 2993 1711 3061 prope
1759 2972 1968 3039 vicum
2018 2969 2220 3037 Castri
2265 2969 2327 3036 in
2372 2968 2661 3037 orientali
2692 2968 3041 3036 Boebeidis
3088 2969 3271 3036 lacus
3319 2970 3509 3058 plaga
3556 2969 3773 3042 situm.
3824 2967 3921 3034 his
3968 2967 4195 3035 verbis·
4231 2987 4392 3035 con-

1503 3098 1731 3177 ceptus
1753 3111 1766 3153 :

2604 3176 3157 3239 EAAANOKPA
3169 3176 3298 3239 ΤΗ

2584 3290 2934 3355 ΞΞΕΙΤΩ
2944 3292 3308 3355 ΤΑΜΙΕΤ

2630 3408 2699 3469 Ξ
2703 3408 2828 3470 ΑΞ
2838 3406 3215 3469 ΟΔΩΕΚΑ
3225 3407 3285 3468 Τ

2596 3522 2990 3585 ΟΜΠΕΔΩ
3002 3521 3301 3585 ΤΕΡΜΟ

2877 3638 3009 3701 ,ΝΑ

1672 3858 1718 3927 ‘)
1792 3860 1880 3911 Dii
1929 3853 2079 3911 urbis
2115 3860 2505 3911 Macedonicae
2549 3858 2754 3911 incolas
2792 3862 2952 3912 etiam
2992 3857 3222 3920 Διέστας
3257 3860 3556 3925 appellatos
3606 3872 3726 3909 esse
3766 3856 3992 3905 testatur
4028 3846 4213 3910 Steph.
4251 3845 4386 3911 Byz.

1505 3962 1548 4001 s.
1585 3963 1633 3999 v.
1671 3944 1909 4000 ‘Haoictoec
1947 3950 2100 4000 cuius
2141 3948 2513 3999 testimonium
2565 3948 2851 4000 confirmat
2898 3950 3230 4014 subscriptio
3283 3956 3491 4001 statuae
3528 3963 3557 3997 a
3592 3942 3881 3995 mensibus
3928 3936 4244 4001 imperatori
4279 3934 4392 3986 Ha·

1507 4039 1698 4089 driano
1725 4038 1951 4089 Athenis
1989 4039 2198 4102 positae
2235 4051 2298 4089 ex
2326 4038 2496 4101 Sponi
2532 4039 2845 4103 apographo
2884 4053 2991 4089 non
3030 4041 3161 4091 satis
3200 4043 3455 4090 accurato
3493 4034 3635 4084 edita
3674 4042 3703 4077 a
3730 4024 4007 4077 Boeokhio
4044 4025 4111 4075 ad
4134 4024 4193 4076 C.
4218 4025 4259 4075 1.
4286 4022 4387 4074 Gr.

1505 4142 1559 4183 n.
1598 4134 1730 4189 331,
1769 4140 1937 4191 quare
1975 4128 2064 4180 hic
2101 4140 2222 4177 eam
2262 4132 2455 4191 repeto
2491 4129 2704 4192 qualem
2740 4128 2967 4181 Athenis
3004 4142 3148 4179 anno
3191 4135 3325 4181 1853
3364 4118 3661 4181 exscripsi:

2416 4212 3397 4269 IMPCAESARDIVITRAIANIPAR

2419 4306 2515 4356 ΤΗ
2528 4306 2881 4358 lCIFlLDIVl
2894 4308 2940 4359 N
2952 4306 2993 4355 E
3006 4303 3194 4355 RVAE
3206 4302 3255 4353 N
3265 4297 3405 4349 EPO

2320 4391 2325 4398 ·
2420 4396 2459 4445 u
2472 4394 2569 4455 Tr]
2584 4376 2755 4448 mn
2768 4396 2813 4447 o
2829 4389 3036 4445 mon
3056 4386 3287 4467 ιΑΝορ
3304 4386 3343 4437 v
3358 4386 3405 4437 c
3519 4428 3532 4435 -

2417 4482 2541 4549 PJM
2556 4480 2639 4554 [T]
2656 4468 3401 4542 nroraxvifflosssm’rt

2753 4567 3063 4623 OLYMPto

2421 4654 3244 4713 COLONIAIVLIAAVGVSTA

2417 4743 2835 4813 n(i)ENSWMt
2852 4744 3327 4797 PERLEGATVM

2562 4834 3189 4889 CMEMMIVMLYCVM

2698 4924 3046 4977 ΔΙΕΟΊὮΝ
