4607 6238
2682 769 2751 780 -
2852 731 2934 796 10
3026 753 3160 773 --ν

1609 893 1704 962 Ad
1751 892 1979 960 urbem
2025 889 2503 958 Demetriadem
2551 891 2779 979 procul
2828 889 3027 959 dubio
3072 890 3265 958 etiam
3312 890 3635 960 referendi
3682 905 3831 962 sunt
3862 895 3965 962 aiii
4002 897 4134 966 duo
4168 901 4324 968 tituli

1434 1011 1536 1079 vel
1583 1011 1796 1099 potius
1841 1007 2166 1074 titulorum
2214 1006 2575 1094 fragmenta
2618 1007 2857 1074 eodem
2906 1006 3053 1073 loco
3103 1019 3361 1094 reperta
3407 1028 3685 1096 quorum
3732 1011 4113 1101 apographa
4145 1016 4325 1086 inve..

1433 1127 1688 1194 niuntur
1733 1123 1912 1214 apud
1954 1119 2266 1190 Mezieres
2313 1143 2376 1209 p.
2429 1119 2553 1187 117
2606 1122 2720 1206 (-.-..-
2765 1143 2829 1209 p.
2876 1119 3055 1208 265).
3150 1121 3335 1189 Prius
3382 1123 3466 1190 ita
3513 1143 3587 1190 se
3636 1123 3881 1193 habet:

1519 1407 2606 1478 ΚΑΙΑΝΑΓΡΑΦΗΝΑΙΤΟΔΕ
2614 1409 2722 1470 ΤΟ
2734 1405 4283 1480 ΨΗΦΙΣΜΑΕΙΝΑΙΔΕΑΩΙΚῬΤΑΙΠΡΟΕ

1522 1528 1751 1593 ΔΡΙΑ
1761 1527 1837 1590 Ν
1840 1526 1983 1589 ΕΝ
1988 1523 2348 1587 ΠΑΣΛΙΣ
2362 1527 2474 1587 ΤΑ
2489 1523 2713 1585 ΙΣΚΑ
2736 1523 2848 1586 ΤΑ
2857 1523 3139 1585 ΜΑΓΝ
3140 1523 3518 1604 ΗΣΙΑΝΠ
3522 1526 3806 1588 ΟΛΕΣΙ
3808 1527 3954 1590 ΝΠ
3956 1529 4074 1592 ΡΟ
4084 1533 4293 1595 ΝΟΗ

1527 1640 2407 1709 ΘΗΝΑΙΔΕΟΠΩΣΣΤΝ
2409 1639 2846 1702 ΤΕΛΕΣΘΗ
2849 1639 3026 1701 ΤΑΕ
3032 1641 3109 1700 Ψ
3119 1640 3194 1701 Η
3193 1639 3616 1702 ΦΙΣΜΕΝΑ
3630 1641 3731 1704 ΊῸ
3743 1643 4130 1708 ῬΣΚΟΙΝΟ
4141 1649 4195 1708 Τ
4192 1650 4261 1711 Σ

1523 1754 2825 1825 ΑΡΧΟΝΤΑΣΤΟΔΕΕΣΟΜΕΝΟ
2839 1754 4290 1825 ΝΕΙΣΤΑΤΤΑΑΝΗΛΩΜΑΔΟΤΝΑΙ

1433 1878 1474 1944 5
1531 1879 1637 1943 ΤΟ
1648 1875 2303 1940 ΤΣΤΑΜΙΑΣΓΡΑ
2316 1873 2731 1936 ΨΑΙΔΕΚΑ
2735 1871 3193 1936 ΙΠΡΟΣΤΑΣ
3199 1875 3261 1934 Π
3261 1874 3543 1936 ΟΛΕΙΣ
3548 1875 3795 1937 ΤΟΑΝ
3799 1875 4061 1938 ΤΙΓΡΑ
4068 1875 4264 1939 ΦΟΝ

1533 1994 1654 2058 ΤΟ
1676 1991 1947 2056 ΤΨΗΦ
1961 1991 2220 2053 ΙΣΜΑ
2239 1987 3432 2054 ΤΟΣΣΙΜΟΝΤΟΝΓΡΑΜΜΑ
3450 1992 3766 2055 ΤΕΑΕΔ
3779 1989 4290 2063 ΟΞΕΝΤΟΙΣ

1744 2155 1760 2172 .
1885 2102 3359 2175 ΔΡΟΙΣΕΔΟΞΕΝΚΑΙΤΗΙΕΚΚΛΗΣΙΑ

1435 2283 1542 2352 καὶ
1586 2279 2044 2366 ἀναγραφῆναι
2084 2275 2234 2346 τόδε
2275 2276 2351 2345 τὸ
2394 2275 2698 2364 ψήφισμα
2715 2300 2732 2315 ·
2780 2273 2947 2344 εἶναι
2974 2276 3047 2345 δὲ
3092 2325 3570 2348 ........
3618 2283 3967 2368 προεδρίαν
3994 2281 4065 2348 ἐν
4092 2279 4329 2361 πάσαις

1433 2406 1573 2476 ταῖς
1623 2393 1786 2463 κατὰ
1843 2396 2240 2480 Μαγνησίαν
2282 2389 2544 2460 πόλεσιν
2563 2415 2578 2430 ·
2646 2397 3099 2478 προνοηθῆναι
3154 2393 3223 2460 δὲ
3268 2393 3441 2471 ὅπως
3494 2402 3885 2485 omma&
3928 2395 4009 2464 τὰ
4054 2396 4329 2484 ἐψηφισ-

1435 2511 1596 2600 μένα
1640 2510 1796 2590 τούς
1849 2507 2115 2588 κοινοὺς
2157 2507 2502 2595 ἄρχοντας,
2568 2507 2643 2574 τὸ
2692 2507 2761 2574 δὲ
2806 2505 3115 2592 ἐσόμενον
3160 2511 3250 2587 εἰς
3292 2514 3494 2576 ταῦτα
3538 2507 3847 2598 ἄνήλωμα
3900 2515 4135 2580 δοῦναι
4174 2510 4330 2590 τοὺς

1433 2630 1696 2714 ταμίας·
1742 2623 1990 2712 γράψαι
2033 2624 2104 2692 δὲ
2147 2625 2254 2691 καὶ
2313 2620 2479 2709 πρὸς
2528 2621 2645 2701 τὰς
2700 2619 2917 2700 πόλεις
2972 2620 3047 2689 τὸ
3106 2619 3510 2710 ἀντίγραφον
3564 2631 3683 2692 τοῦ
3734 2629 4145 2712 ψηφίσματος
4198 2633 4327 2693 Σῖ-

1435 2769 1562 2829 μον
1630 2741 1748 2810 ccv
1811 2738 2204 2828 γραμματέα.
2291 2738 2561 2819 Ἐδοξεν
2624 2746 2768 2817 τοῖς
2822 2742 2911 2824 [τε
2976 2737 3355 2824 mildense,
3425 2741 3641 2820 ἔδοξεν
3705 2741 3815 2807 καὶ
3877 2746 3957 2828 τῇ
4014 2742 4325 2833 ἐκκλησίᾳ.

1437 2861 1740 2929 Clausula
1787 2871 1890 2928 est
1935 2858 2180 2927 decreti
2225 2879 2359 2947 quo
2404 2856 2758 2924 honoratur
2800 2857 2897 2924 vir
2940 2856 3207 2946 quidam
3250 2856 3436 2924 cuius
3482 2879 3719 2925 nomen
3772 2859 3972 2928 latere
4034 2862 4329 2951 suspice·

1436 2976 1524 3044 ris
1571 2977 1633 3044 in
1679 2975 1898 3043 litteris
1947 2975 2416 3040 ΑΩΙΚΤΤΛΙ
2452 2995 2509 3038 v.
2563 2972 2594 3036 1
2648 2991 2819 3061 quae
2873 2971 3046 3039 haud
3096 2971 3293 3039 dubie
3337 2972 3401 3039 in
3458 2973 3673 3063 lapide
3735 2975 3869 3043 fere
3930 2988 4331 3045 evanuerunt

1389 3100 1504 3159 ,et
1547 3100 1896 3179 propterea
1941 3086 2109 3155 male
2157 3085 2451 3155 redditae
2514 3097 2663 3154 sunt
2724 3087 2785 3154 in
2845 3087 3255 3176 apographo;
3313 3089 3431 3158 sed
3492 3074 3668 3158 haud
3730 3093 3867 3161 scio
3930 3113 4011 3161 an
4066 3094 4128 3160 in
4188 3093 4325 3161 istis

1437 3205 1589 3275 nihil
1633 3204 1808 3275 aliud
1856 3204 2004 3271 insit
2045 3202 2165 3269 nisi
2211 3197 2389 3292 αὐτῷ
2432 3200 2557 3269 καὶ.
2607 3200 2699 3270 Ea
2734 3202 2937 3270 verba
2984 3224 3155 3294 quae
3199 3226 3370 3273 nunc
3402 3206 3605 3293 prima
3638 3222 3786 3274 sunt
3817 3210 4105 3295 proxime
4136 3232 4328 3297 prae-

1437 3321 1722 3393 cessisse
1771 3333 1926 3410 puto
1973 3318 2353 3389 adverbium
2398 3319 2527 3389 loci
2572 3322 2767 3410 quale
2815 3332 2918 3388 est
2964 3310 3077 3387 οὖε
3122 3342 3269 3389 nam
3316 3344 3463 3388 cum
3495 3323 3680 3389 locus
3714 3322 3773 3388 in
3806 3342 3939 3412 quo
3971 3321 4331 3387 inscriben-

1438 3439 1592 3506 dum
1639 3438 1720 3505 sit
1763 3436 2097 3505 decretum
2145 3456 2273 3503 non
2319 3437 2593 3527 amplius
2642 3437 3019 3525 designetur
3078 3449 3354 3527 apparet
3411 3458 3560 3505 eum
3621 3438 3745 3505 iam
3808 3438 3869 3505 in
3930 3437 4327 3503 anteceden-

1437 3552 1606 3621 tibus
1651 3550 1766 3619 ubi
1811 3562 2060 3619 statuae
2109 3550 2324 3618 eidem
2370 3553 2509 3618 viro
2556 3553 2833 3640 publicis
2882 3553 3199 3621 sumtibus
3246 3526 3601 3640 erigendae
3646 3552 3884 3619 mentio
3949 3552 4115 3616 sacta
4174 3569 4327 3617 esse

1379 3652 1387 3661 ⁶
1438 3668 1690 3737 videtur
1735 3664 1842 3753 (cf.
1889 3688 1949 3733 v.
1981 3669 2027 3733 4
2070 3661 2144 3732 τὸ
2192 3664 2262 3731 δὲ
2308 3663 2619 3751 ἐσόμενον
2646 3669 2738 3745 εἰς
2780 3671 3025 3734 ταῦτα
3058 3664 3387 3753 ἄνὴλωμα)
3420 3668 3618 3735 fuisse
3652 3668 4078 3755 designatum.
4156 3670 4315 3731 Auc-

1437 3796 1613 3853 tores
1659 3782 1906 3850 decreti
1954 3782 2212 3850 fuerunt
2255 3783 2323 3849 οἱ
2364 3778 2683 3868 σύνεδροι,
2733 3805 3011 3874 quorum
3060 3806 3292 3854 nomen
3340 3797 3516 3852 certa
3562 3784 3934 3851 coniectura
3970 3780 4327 3848 restituisse

1439 3898 1588 3967 mihi
1635 3899 1862 3967 videor
1907 3922 1967 3967 v.
2016 3902 2076 3976 7,
2125 3900 2165 3965 i.
2214 3921 2274 3967 e.
2336 3910 2406 3965 ut
2448 3899 2582 3965 Livi
2629 3901 2945 3983 (XXXXV‚
2996 3900 3109 3986 32)
3156 3901 3373 3979 verbis
3432 3912 3605 3981 utar,
3655 3908 3991 3966 senatores
4051 3917 4327 3986 quorum

1440 4012 1710 4081 consilio
1766 4033 1874 4080 res
1935 4012 2200 4100 publica
2251 4012 2835 4091 administrabatur,
2906 4015 3135 4105 quales
3198 4016 3261 4081 in
3320 4015 3533 4081 multis
3590 4011 3905 4078 Graeciae
3966 4008 4325 4077 civitatibus

1437 4129 1638 4196 fuisse
1679 4149 1894 4215 nuper
1941 4128 2253 4217 exemplis
2318 4127 2681 4197 docuerunt
2743 4130 2817 4197 G.
2866 4129 3137 4199 Viscber
3202 4124 3741 4216 (Epigraphische
3797 4126 3932 4194 und
3987 4124 4329 4195 archiiolo-

1439 4240 1664 4331 gische
1710 4242 2008 4331 Beitr'age
2053 4264 2176 4311 aus
2223 4242 2693 4313 Griechenland
2740 4268 2803 4335 p.
2852 4244 2964 4332 32)
3011 4256 3077 4311 et
3106 4246 3181 4311 H.
3214 4246 3478 4333 Sauppe
3510 4242 3644 4331 (die
3698 4239 4333 4333 Mysterieninscbrift

1438 4377 1559 4424 aus
1603 4355 1895 4425 Andania
1941 4379 2004 4445 p.
2052 4355 2138 4423 32
2185 4360 2290 4443 s.).
2383 4360 2660 4427 Senatus
2707 4359 3075 4427 consultum
3122 4369 3329 4425 ratum
3372 4378 3527 4425 esse
3574 4358 3758 4425 iussit
3802 4360 4017 4426 contio
4078 4358 4325 4445 populi.

1441 4483 1511 4540 ut
1553 4484 1825 4562 apparet
1871 4492 1952 4541 ex
1982 4473 2216 4541 ultimis
2245 4475 2405 4541 tituli
2436 4476 2687 4544 verbis:
2740 4475 2958 4555 ἔδοξεν
3000 4480 3136 4551 τοῖς
3178 4496 3245 4539 τε
3292 4470 3646 4557 συνέδροις,
3694 4473 3911 4551 ἔδοξεν
3952 4470 4059 4534 καὶ
4101 4474 4181 4556 τῇ
4230 4468 4331 4534 ἐκ·

1437 4588 1680 4676 acl-noh).
1773 4588 2058 4657 Similem
2106 4601 2174 4657 ut
2217 4592 2305 4659 ita
2350 4591 2563 4660 dicam
2622 4592 3130 4662 ratihabitionem
3190 4589 3737 4659 senatusconsulti
3798 4586 4071 4672 legimus
4142 4584 4203 4649 in
4250 4582 4329 4647 ti-

1438 4702 1572 4769 tulo
1603 4704 1950 4791 Amorgino
1997 4704 2154 4773 alias
2203 4726 2470 4796 quoque
2517 4706 2606 4775 ob
2652 4728 2760 4776 res
2805 4708 2993 4774 huius
3042 4706 3127 4775 de
3160 4728 3293 4797 quo
3340 4706 3589 4793 agimus
3637 4700 3952 4767 simillimo
3986 4694 4329 4785 (Rangabis

1439 4818 1633 4908 antiq.
1682 4817 1831 4886 hen.
1898 4844 1960 4887 n.
2023 4820 2188 4901 750,
2251 4823 2331 4907 Β)
2388 4823 2577 4895 cuius
2639 4824 2700 4891 in
2760 4823 2887 4893 fine
2952 4834 3297 4914 postquam
3362 4815 3727 4885 Critobulus
3788 4811 4003 4881 scriba
4065 4821 4330 4877 senatus

1439 4935 1656 5003 iussus
1704 4948 1804 5005 est
1849 4937 2623 5009 Rhodum·transmittere
2682 4942 3017 5029 exemplar
3070 4932 3517 5021 (ἀντίγραφον)
3586 4927 4127 4997 SssssflmSOOUSUffl
4182 4926 4329 4993 facti
