4607 6238
1673 743 1892 803 7--

1233 965 1240 968 ·
1309 931 1389 1002 Η.
1445 931 1922 1016 Scuwmzna,
1973 932 2102 1002 Dr.

257 1101 304 1182 l)
375 1099 661 1184 Linguae
733 1095 1095 1162 Sanscritae
1166 1095 1524 1161 rudimenta
1599 1094 1800 1180 Boppi
1873 1093 2296 1160 Grammatica
2366 1097 2581 1164 critica
2658 1121 2891 1164 usurus
2972 1100 3139 1166 binis

377 1185 556 1254 horis
601 1184 826 1252 tradet.
1111 1247 1120 1254 ,
1853 1236 1862 1246 .

245 1277 314 1360 2)
391 1273 886 1340 Exercitationes
935 1269 1306 1358 exegeticas
1356 1271 1441 1339 ad
1489 1293 1716 1338 eorum
1749 1272 1855 1360 qui
1905 1271 2158 1359 linguae
2207 1275 2567 1342 sanseritae
2615 1275 2973 1342 rudimenta
3009 1279 3144 1364 jam

378 1373 734 1451 posuerunt
780 1383 967 1427 usum
1016 1360 1232 1425 Benl'ei
1283 1357 1780 1426 chrestomathia
1831 1381 2065 1426 usurus
2113 1362 2380 1429 totidem
2428 1363 2601 1430 horis
2651 1365 2953 1431 instituet.

251 1451 316 1535 3)
389 1445 878 1516 Grammatieam
949 1449 1206 1537 linguae
1267 1448 1576 1515 Gothicae
1625 1460 1688 1514 et
1735 1447 2139 1516 Theodiscae
2209 1452 2701 1518 exercitationes
2774 1454 3143 1540 exegeticas

373 1539 828 1606 moderaturus
880 1538 1076 1606 ternis
1124 1537 1299 1604 horis
1348 1536 1631 1604 docebit.
1987 1585 1994 1592 -

247 1631 306 1699 4)
375 1628 714 1694 Seminarii
763 1626 1612 1714 philologico-paedagogiei
1661 1627 2154 1694 exercitationes
2201 1628 2263 1712 a)
2313 1630 2683 1715 exegeticas
2712 1630 2905 1695 Taciti
2940 1630 3146 1696 dialo-

373 1740 524 1804 gum
574 1717 659 1782 >de
708 1715 1072 1782 oratoribus
1123 1717 1672 1803 interpretandum
1707 1715 2153 1802 propositurus
2186 1718 2389 1782 semel
2428 1739 2488 1804 p.
2539 1715 2621 1792 h..
2672 1717 2737 1794 b)
2776 1719 3145 1805 grammati-

373 1827 488 1872 cas
535 1805 616 1870 ad
660 1805 1153 1872 declinationem
1203 1825 1505 1892 graecam
1556 1815 1622 1870 et
1665 1803 1746 1868 ad
1781 1805 2078 1892 syntaxin
2113 1804 2367 1891 linguae
2404 1806 2696 1872 Graecae
2731 1827 2878 1871 cum
2914 1807 3138 1874 Latina

375 1906 813 1981 comparatam
863 1903 1236 1982 spectantes
1287 1893 1489 1956 semel
1540 1913 1600 1978 p.
1656 1891 1716 1956 h.
1767 1892 2064 1958 instituet.

753 2087 840 2166 2.
977 2083 1581 2189 Professor-um
1647 2085 2581 2182 eoetraordinarim3um.

1433 2267 1497 2338 J.
1553 2267 1728 2338 Fam
1744 2320 1766 2356 ,
1818 2268 1933 2338 Dr.

258 2395 312 2569 13
388 2396 782 2487 Thucydidis
830 2397 1154 2464 historiam
1203 2397 1400 2463 ternis

243 2485 280 2548 2
383 2485 714 2552 Ciceronis
761 2487 818 2551 in
867 2485 935 2551 C.
989 2489 1252 2552 Verrem
1299 2488 1590 2552 actiones
1639 2488 1906 2554 totidem
1953 2486 2128 2552 horis
2174 2487 2560 2573 explanabit.

1037 2671 1058 2699 Χ
1133 2669 1214 2738 H.
1265 2629 2042 2758 BERN-Escussnnuae‚
2095 2669 2218 2739 Dr.

251 2816 308 2902 1)
382 2817 673 2883 Poeseos
721 2817 1071 2904 Anglorum
1145 2816 1534 2882 dramaticae
1607 2813 1930 2880 historiam
1993 2836 2297 2880 sermone
2357 2815 2609 2902 anglieo
2657 2834 2895 2878 usurus
2942 2814 3143 2879 semel

378 2926 440 2991 p.
487 2903 547 2968 h.
597 2905 940 2970 enarrabit.
1955 2983 1962 2988 Ι

245 2991 309 3077 2)
385 2992 842 3079 Shakespearii
903 2991 1308 3078 tragoediam
1369 3013 1541 3081 quae
1611 2992 1976 3058 inscribitur
2037 2993 2321 3058 »Romeo
2371 2992 2499 3058 and
2544 2987 2773 3057 Juliet«
2826 2991 2924 3057 bis
2974 3013 3035 3078 p.
3086 2990 3142 3054 h.

381 3081 442 3146 in
491 3079 910 3147 vernaculum
959 3099 1326 3147 sermonem
1376 3091 1707 3148 convertet
1753 3090 1817 3147 et
1863 3082 2032 3147 omni
2080 3101 2158 3148 ex
2209 3094 2392 3168 parte
2440 3079 2804 3170 explicabit.

245 3167 310 3255 3)
389 3169 894 3265 Exercitationes
965 3170 1218 3257 anglice
1289 3182 1352 3236 et
1421 3171 1726 3261 loquendi
1799 3181 1863 3236 et
1918 3170 2245 3237 scribendi
2295 3169 2751 3259 grammaticae
2799 3189 2833 3235 a
2882 3192 2955 3235 se
3002 3170 3147 3256 ipso

373 3259 786 3345 conscriptae
836 3258 1148 3324 rationem
1196 3258 1530 3326 habiturus
1579 3260 1679 3326 bis
1727 3270 1906 3325 terve
1954 3260 2254 3326 instituet.

1291 3418 1377 3485 A.
1432 3416 1506 3484 S.
1559 3416 1920 3503 Vocula,
1973 3416 2092 3486 Dr.

249 3535 309 3621 1)
385 3538 736 3605 Literarum
783 3563 1169 3627 graecarum
1218 3543 1547 3609 historiam
1596 3544 1794 3610 ternis
1846 3544 2083 3610 scholis
2135 3544 2478 3611 enarrabit.

242 3625 310 3702 2)
385 3624 689 3713 Aeschyli
738 3632 1281 3712 Agamemnonem
1330 3633 1527 3699 ternis
1577 3632 1770 3707 horis

243 3711 308 3787 3)
387 3713 670 3779 Platonis
712 3714 1024 3801 ‚Gorgiam
1067 3719 1252 3797 binis,

243 3798 308 3883 4)
383 3802 620 3868 Horatii
669 3803 995 3889 Epistulas
1043 3808 1306 3873 totidem
1355 3810 1528 3876 horis
1583 3810 2122 3898 interpretabitur.

1291 3962 1366 4033 L.
1419 3964 1862 4035 ETTMULLER
1884 4020 1903 4053 ‚
1955 3966 2096 4037 Dr..

241 4084 300 4169 1)
371 4086 724 4167 Literarum
759 4090 986 4155 aetatis
1021 4088 1277 4155 mediae
1311 4089 1838 4158 Germanicarum
1885 4094 2210 4162 historiam
2262 4097 2457 4161 ternis
2507 4094 2747 4161 scholis
2784 4096 3135 4162 enarrabit.

288 4170 308 4257 )
381 4175 623 4239 Po’ema
671 4177 847 4263 quod
896 4178 1219 4245 inscribitr
1280 4182 1452 4247 »Der
1495 4180 1856 4267 Nibelunge
1907 4186 2051 4249 not«
2105 4183 2270 4249 binis
2321 4183 2495 4251 horis
2544 4185 2913 4272 explicabit.

291 4258 310 4343 )
383 4263 546 4328 Artis
597 4264 894 4349 poeticae
942 4282 1295 4357 praecepta
1347 4269 1606 4336 totidem
1657 4268 1832 4337 horis
1882 4273 2106 4339 tradet.

1330 4425 1410 4495 G.
1465 4448 1556 4497 nn
1610 4427 1872 4515 sts‚
1927 4428 2045 4501 Dr.

247 4548 306 4631 l)
381 4546 508 4612 Res
559 4546 996 4614 Helvetiorum
1044 4571 1079 4615 a
1131 4553 1330 4636 prima
1365 4574 1588 4621 eorum
1625 4556 1870 4643 origine
1919 4578 2132 4646 usque
2179 4558 2261 4623 ad
2296 4579 2533 4624 annum
2566 4558 2899 4623 MDCCXII
2945 4561 3139 4625 ternis

374 4632 616 4703 scholis
666 4636 1098 4723 perlustrabit.

239 4719 308 4803 2)
377 4724 606 4791 Libros
658 4726 738 4791 ad
792 4726 1226 4795 Helvetiorum
1279 4726 1607 4796 historiam
1654 4733 2048 4818 pertinentes
2097 4735 2302 4802 semel
2352 4756 2416 4821 p.
2466 4734 2525 4801 h.
2575 4734 2961 4804 recensebit.
