4607 6238
2694 801 2775 806 „-
2867 763 2953 833 13

1461 947 1582 1013 per
1623 925 1893 994 fertilem
1945 925 2114 992 illam
2159 925 2523 994 convallem
2572 927 3031 1003 extenduntur,
3093 945 3263 1015 quae
3312 925 3531 992 Ossae
3588 937 3655 993 et
3698 925 3855 992 Pelii
3906 931 4213 998 montium
4260 955 4367 1000 ra·-

1463 1041 1645 1110 dices
1723 1041 1942 1128 iungit.
2031 1042 2102 1108 In
2177 1039 2322 1128 ipso
2393 1041 2539 1109 vico
2614 1038 2923 1110 Mezieres
2996 1038 3331 1128 (memoire
3379 1062 3442 1128 p.
3490 1038 3576 1106 94
3624 1059 3693 1088 =
3738 1041 4045 1128 archives
4092 1067 4155 1133 p.
4208 1047 4360 1135 242)

1458 1158 1816 1245 fragmenta
1864 1155 2192 1246 quaedam
2239 1168 2306 1223 et
2350 1154 2435 1224 ab
2482 1155 2758 1245 antiquis
2808 1167 2872 1222 et
2916 1177 2952 1222 a
3002 1156 3194 1224 medii
3245 1156 3421 1246 quod
3470 1156 3703 1224 dicitur
3750 1157 3895 1224 aevi
3942 1159 4211 1228 Graecis
4258 1186 4363 1230 re-

1461 1273 1609 1340 licta
1656 1273 1927 1361 reperit,
1987 1292 2160 1362 quae
2208 1272 2364 1361 quin
2412 1293 2451 1337 e
2496 1273 2853 1340 Meliboeae
2902 1272 3079 1338 urbis
3129 1270 3472 1340 ruderibus
3523 1269 3635 1357 (de
3680 1273 3867 1339 cuius
3915 1275 4041 1342 situ
4089 1300 4144 1343 v.
4196 1279 4365 1347 Geo-

1461 1388 1796 1477 graphiam
1844 1409 2054 1456 meam
2101 1411 2218 1475 gr..
2272 1387 2399 1456 vol.
2432 1391 2475 1464 1,
2526 1410 2589 1475 p.
2624 1385 2733 1474 99)
2782 1387 2910 1455 buc
2956 1399 3321 1456 transvecta
3368 1388 3493 1456 sint
3538 1388 3983 1488 dubiumpon
4030 1405 4150 1460 est.
4196 1398 4365 1462 Inter

1459 1505 1627 1572 haec
1669 1506 2028 1591 fragmenta
2067 1504 2198 1570 duo
2239 1515 2483 1572 tantum
2524 1516 2674 1570 sunt
2712 1503 2967 1592 lapides
3008 1504 3262 1570 literati:
3320 1503 3481 1572 alter
3526 1503 3587 1570 in
3634 1505 3916 1572 ecclesia
3950 1506 4077 1574 divi
4109 1513 4358 1576 Antonii

1461 1633 1757 1688 servatus
1792 1620 1852 1686 in
1887 1641 2019 1709 quo
2064 1620 2347 1707 scriptus
2390 1631 2487 1688 est
2520 1620 2735 1688 titulus
2778 1619 3161 1707 sepulcralis
3194 1617 3374 1686 hice:
3425 1621 4355 1710 EPATIEKEPKISZNOE*)

1459 1738 1522 1802 in
1591 1756 1721 1826 quo
1791 1735 2148 1802 notandum
2217 1746 2319 1801 est
2386 1757 2619 1802 nomen
2686 1730 2933 1818 Ἐρατίς
2994 1756 3111 1822 pro
3174 1730 3441 1815 Ἐρατώς
3512 1735 3677 1801 alter
3743 1737 3803 1802 in
3866 1738 4074 1804 limine
4135 1751 4357 1826 portae

1462 1851 1786 1918 ecclesiae
1859 1851 2048 1918 divae
2119 1851 2393 1929 Mariae,
2464 1851 2523 1916 in
2596 1873 2726 1940 quo
2797 1849 2915 1918 has
2968 1863 3209 1918 tantum
3277 1849 3495 1916 literas
3566 1849 3838 1918 rudibus
3908 1853 4127 1920 formis
4192 1875 4359 1942 quae

1463 1977 1738 2034 aetatem
1789 1966 2210 2056 Byzantinam
2275 1967 2593 2034 referrent
2652 1968 3007 2054 insculptas
3068 1987 3143 2032 se
3208 1967 3429 2049 legere
3484 1967 3775 2054 potuisse
3822 1966 3976 2034 dicit
4021 1967 4361 2036 mezieres:

1465 2084 2573 2159 ΩΚΑΙΑΨΙΟΛΕΙΟΖΩΙΤΡΟΤ,
2646 2083 2707 2149 in
2779 2083 3015 2178 quibus
3088 2078 3411 2163 Ζωπύρου
3489 2103 3721 2149 nomen
3790 2103 4111 2170 agnosco,
4186 2083 4363 2172 quod

1465 2197 1914 2284 praecessisse
1979 2194 2276 2264 videntur
2339 2199 2469 2264 duo
2539 2197 2795 2264 nomina
2860 2197 3235 2266 feminarum
3304 2219 3583 2288 quorum
3649 2199 3917 2267 alterum
3989 2211 4363 2286 corruptum

1466 2309 1860 2400 (Ἀψιολέϊς),
1931 2333 2010 2380 ex
2091 2314 2294 2380 altero
2374 2313 2455 2382 nil
2519 2313 2639 2380 nisi
2708 2314 2925 2382 ultima
2984 2313 3165 2380 litera
3214 2335 3315 2378 -ω
3368 2313 3591 2382 relicta
3662 2325 3786 2400 est..
3890 2313 4233 2382 Praeterea
4306 2315 4365 2380 in

1463 2429 1672 2498 viculo
1745 2430 1852 2519 qui
1925 2427 2160 2496 Rczina
2231 2427 2492 2508 dicitur,
2566 2429 2651 2496 ad
2706 2430 2905 2516 Agiae
2976 2429 3280 2496 ditionem
3342 2428 3727 2516 pertinente,
3798 2428 4111 2498 Me'zieres
4180 2427 4247 2514 (Ι.
4296 2426 4361 2512 l.)

1463 2547 1619 2613 vidit
1664 2546 1928 2633 cippum
1973 2545 2410 2632 sepulcralem
2472 2545 2533 2610 in
2594 2565 2724 2632 quo
2786 2565 2991 2633 eques
3041 2565 3215 2631 pone
3262 2544 3465 2612 virum
3514 2557 3578 2610 et
3630 2522 3929 2612 seminam
3978 2555 4221 2612 stantes
4272 2544 4365 2610 es-

1462 2661 1650 2730 fictus
1701 2673 1802 2730 est
1843 2682 1994 2728 cum
2041 2660 2164 2730 hac
2211 2658 2669 2746 inscriptione:

2618 2778 2793 2840 Am
2820 2823 3190 2840 .........

2620 2885 3098 2948 ΠΟΛΛΩΝΟΙ
3106 2885 3229 2948 ΟΝ

2622 2999 2700 3064 Η
2716 3001 2845 3090 CA
2876 3001 2952 3062 N
2968 3005 3032 3062 A
3064 3002 3201 3064 PA

2620 3115 2696 3177 H
2701 3115 2909 3179 ΩΝΚ
2930 3116 3071 3179 ΡΗ
3081 3116 3197 3179 ΤΟ
3910 3180 3920 3193 ,

1469 3232 1536 3295 V.
1570 3227 1611 3292 3
1659 3228 1968 3315 scriptum
2017 3227 2216 3295 fuisse
2262 3225 2380 3294 τὸν
2425 3226 2680 3313 ἑαυτΙῆς
2726 3224 2937 3311 ἄνδρα
2982 3242 3101 3317 pr‘o
3146 3241 3326 3297 certo
3375 3227 3859 3307 affirmaverim;
3909 3249 3967 3291 v.
4002 3227 4041 3289 2
4092 3229 4368 3291 fortasse

1466 3344 1578 3411 fuit
1601 3339 2087 3427 ἎῙπολλώνιον,
2122 3367 2180 3409 ν.
2215 3343 2258 3408 4
2287 3341 2537 3432 ἥρῙωζς)
2570 3342 2799 3431 χρηστὲ
2830 3347 3059 3429 [χαῖρε.
3112 3382 3186 3393 -
3238 3348 3304 3411 In
3338 3345 3481 3411 vico
3524 3343 3633 3433 qui
3682 3342 3911 3410 dicitur
3954 3341 4213 3408 Desiani
4247 3341 4369 3407 sito

1467 3461 1530 3526 in
1577 3460 1722 3526 valli
1771 3460 1878 3526 illa
1922 3460 2085 3527 inter
2133 3460 2376 3528 Ossam
2424 3473 2489 3529 et
2542 3460 2787 3529 Pelium
2844 3472 3097 3528 montes
3162 3472 3464 3550 porrecta
3522 3459 3607 3526 de
3664 3478 3795 3548 qua
3849 3478 4049 3545 supra
4095 3454 4364 3522 diximus

1465 3574 1776 3643 Mezieres
1813 3574 2147 3661 (memoire
2181 3599 2244 3665 p.
2271 3575 2360 3641 82
2394 3596 2456 3620 Ξ
2491 3575 2787 3643 archives
2822 3596 2885 3662 p.
2913 3574 3061 3657 230)
3103 3576 3345 3663 reperit
3372 3574 3619 3640 titulum
3652 3572 4083 3661 sepulcralem
4120 3568 4370 3635 hunce:

2420 3693 2869 3757 EPMIONH
2894 3741 2907 3756 .
2942 3740 2958 3755 .
2996 3741 3010 3755 .
3045 3692 3412 3755 ΛΙΩΝΟΣ

1472 3808 1510 3877 i.
1543 3830 1602 3875 e.
1640 3802 1946 3893 Ἑρμιόνη
1989 3803 2413 3897 'away-mog
2458 3809 2593 3874 sive
2644 3829 2775 3897 quo
2824 3807 2951 3873 alio
2994 3806 3253 3873 nomine
3298 3818 3485 3893 pater
3526 3803 3669 3873 eius
3716 3780 4185 3890 appellabatur.
4236 3798 4369 3863 De-

1469 3924 1668 4013 nique
1713 3924 1771 3989 in
1821 3924 1966 3994 vi‘co
2013 3924 2124 4013 qui
2171 3924 2402 3993 dicitur
2448 3923 2773 3991 Keramidi
2824 3922 2883 3989 in
2938 3922 3226 3989 orientali
3272 3922 3641 4009 Magnesiae
3688 3938 3803 3987 ora
3852 3915 3976 3982 sub
4024 3912 4371 3980 ruderibus

1469 4039 1716 4106 castelli
1749 4040 1990 4128 antiqui
2025 4038 2204 4129 quod
2245 4040 2471 4128 oppidi
2505 4038 2949 4107 Casthanaeae
2992 4038 3191 4105 fuisse
3224 4050 3381 4126 puto
3416 4036 3499 4125 (v.
3532 4030 3901 4122 Geograph.
3936 4031 4043 4101 Gr.
4074 4032 4123 4110 1,
4157 4052 4220 4117 p.
4257 4024 4371 4113 99)

1469 4154 1590 4221 sito
1648 4152 1820 4221 hunc
1881 4154 2127 4222 titulum
2186 4155 2623 4243 sepulcralem
2684 4155 2927 4242 reperit
2970 4153 3281 4223 Mezieres
3330 4148 3665 4236 (memoire
3712 4170 3782 4237 p.
3827 4148 3913 4213 70
3957 4164 4028 4216 =-·.
4072 4142 4373 4214 archives

1471 4291 1534 4357 p.
1583 4267 1739 4357 218)
1788 4268 2058 4339 rudibus
2107 4270 2461 4339 admodum
2508 4282 2578 4337 ut
2620 4272 2708 4339 ait
2749 4270 2949 4337 literis
2996 4278 3366 4335 exaratum:

2620 4386 3170 4451 ΔΑΜΟΚΡΙΤΑ

2730 4491 3136 4559 ΛΙΝΕΙΟΤ

2624 4607 2815 4671 noa
2836 4609 2955 4669 TA
2966 4606 3159 4668 [ΝΩ

1831 4812 1895 4818 ’-
2732 4721 3133 4786 ΑιΝΕΙοΤ

1612 4882 1658 4949 ⁸)
1697 4882 1854 4947 Apud
1895 4881 2159 4935 Mezieres
2198 4880 2387 4931 ultima
2428 4878 2585 4929 litera
2624 4882 2708 4929 est
2752 4877 2826 4937 1:;
2870 4878 2965 4929 sed
3005 4892 3127 4928 cum
3166 4879 3285 4940 ipse
3321 4876 3507 4923 literas
3544 4872 3719 4923 bonne
3754 4869 3948 4919 aetatis
3986 4880 4105 4918 esse
4145 4866 4381 4915 testetur

1471 4969 1600 5039 (nen
1629 4974 1817 5023 lettres
1845 4966 2004 5022 d’une
2030 4973 2213 5021 bonne
2237 4963 2537 5034 epoqueu),
2579 4966 2713 5017 haec
2748 4966 2924 5017 forma
2968 4963 3280 5029 typothetae
3305 4974 3467 5025 quem
3506 4960 3695 5011 dicunt
3730 4958 3908 5009 errori
3946 4952 4232 5007 tribuenda
4270 4954 4373 5001 est.
