4607 6238
2723 761 2752 763 „
2850 725 2887 784 8
2995 755 3061 762 --

1409 899 1590 955 creto
1625 863 2087 962 verbosissime
2114 881 2541 970 [ii-obulorum
2564 880 3025 952 Eretriensium
3056 881 3119 948 in
3152 879 3464 952 honorem
3500 879 3905 969 Theopompi
3932 885 4103 952 facto
4136 884 4317 972 quod

1411 1002 1756 1071 ediderunt
1809 1001 2211 1072 Baumeister
2254 998 2318 1063 in
2368 996 2593 1064 Philol.
2639 997 2767 1068 vol.
2806 997 2899 1073 X,
2950 1018 3013 1082 p.
3062 994 3195 1062 300
3239 1017 3325 1064 ss.
3374 1008 3441 1067 et
3494 995 3819 1085 Raugabis
3880 1010 4006 1066 ant.
4053 996 4205 1069 hell.
4254 1023 4315 1066 n.

1410 1117 1538 1184 689
1589 1117 1672 1205 (v.
1713 1118 1794 1184 14
1837 1120 1950 1198 se.)
1999 1117 2262 1205 legitur:
2314 1108 2709 1198 βουλόμενός
2752 1133 2819 1176 τε
2864 1115 2977 1195 τῆς
3022 1109 3261 1178 ἑαυτοῦ
3288 1108 3775 1195 καλοκάγαθίας
3830 1136 3899 1180 τε
3926 1112 4035 1180 καὶ
4062 1108 4319 1190 εὐνοίας

1413 1221 1484 1317 ἧς
1531 1232 1656 1319 ἔχει
1699 1230 1864 1320 πρὸς
1907 1229 2024 1298 τὸν
2072 1234 2286 1316 δῆμον
2333 1226 2672 1298 ἀθάνατον
2716 1223 3069 1312 ὑπόμνημα
3112 1229 3516 1302 καταλείπειν
3559 1229 3652 1304 εἰς
3696 1224 3811 1294 τὸν
3870 1225 4127 1294 ἅπαντα
4168 1225 4317 1312 χρό-

1411 1371 1546 1414 νον.
1625 1353 1693 1420 V.
1727 1348 1816 1414 10
1861 1350 2014 1438 quin
2065 1360 2242 1416 recte
2291 1346 2685 1416 correxerim
2732 1339 3151 1426 ἀείμνηστον,
3201 1345 3641 1433 suppleverim
3686 1345 4089 1411 καταλείπειν
4118 1345 4317 1414 nemi-

1413 1486 1560 1532 nem
1607 1467 1743 1534 fore
1811 1475 1966 1551 puto
2014 1465 2121 1552 qui
2181 1463 2467 1541 dubitet;
2517 1464 2596 1532 cf.
2645 1460 2713 1526 C.
2760 1463 2805 1526 1.
2858 1461 2964 1528 Gr.
3016 1484 3075 1528 ιι.
3122 1459 3299 1526 3068
3340 1461 3410 1536 b,
3463 1484 3517 1526 v.
3576 1461 3680 1526 11:
3730 1461 4141 1543 αἰείμνηστον
4184 1466 4319 1534 τοῖς

1417 1577 1888 1663 ἐπιγινομένοις
1931 1575 2266 1646 κατέλιπεν
2311 1575 2429 1662 τὴν
2476 1573 2699 1661 ἀρχὴν.
2797 1580 2864 1643 V.
2921 1575 2991 1640 11
3050 1574 3111 1642 id
3160 1576 3337 1664 quod
3386 1589 3489 1642 est
3528 1571 3650 1659 τὴν
3706 1590 3901 1664 atque
3950 1597 4006 1640 v.
4054 1572 4141 1638 20
4186 1578 4317 1640 τῶν

1413 1718 1564 1764 num
1608 1695 1928 1783 lapicidae
1971 1717 2054 1762 an
2099 1693 2533 1764 describentis
2578 1714 2807 1766 errore,
2841 1691 3080 1760 omissa
3114 1691 3241 1758 sint
3278 1690 3533 1766 nescim
3580 1701 3923 1776 utrumque
3952 1687 4151 1754 omitti
4182 1707 4311 1754 non

1412 1810 1722 1888 debuisse
1769 1812 1928 1876 scio.
2025 1813 2224 1878 Porro
2271 1821 2520 1877 certum
2576 1821 2677 1876 est
2744 1807 3011 1895 primam
3090 1805 3337 1872 literam
3397 1829 3455 1871 v.
3512 1803 3587 1868 13
3640 1823 3789 1870 esse
3846 1803 3905 1868 Μ
3955 1821 4081 1868 non
4142 1803 4197 1866 N
4244 1815 4310 1866 et

1415 1949 1470 1992 v.
1527 1925 1606 1990 14
1655 1947 1774 2012 pro
1823 1947 1904 1992 eo
1955 1926 2135 2014 quod
2181 1923 2631 2013 apographum
2680 1921 2955 2010 praebet
3000 1924 3169 1988 ΚΑΙ
3206 1917 3673 1988 restituendum
3737 1937 3889 1986 esse
3955 1919 4171 1989 ΑΠΟ,
4216 1916 4313 1980 in-

1415 2054 1660 2108 certum
1711 2063 1864 2110 vero
1913 2065 2063 2108 num
2114 2043 2173 2108 in
2223 2041 2349 2108 fine
2398 2040 2691 2108 eiusdem
2742 2060 2970 2104 versus
3017 2037 3480 2106 restituendum
3530 2033 3611 2101 sit
3656 2030 3983 2118 διαφόρου
4028 2053 4113 2100 an
4139 2031 4315 2098 aliud
4396 2007 4413 2024 ⁶

1415 2158 1686 2229 verbum
1745 2161 1928 2246 quod
1987 2169 2228 2226 sortem
2277 2159 2414 2224 sive
2462 2155 2783 2251 pecunjae
2830 2175 3149 2222 summam
3196 2151 3529 2240 significat,
3580 2151 3757 2218 velut
3821 2145 4116 2233 πλήθους
4174 2145 4312 2212 sive

1411 2276 1770 2358 κεφαλαίου
1829 2275 1966 2342 sive
2016 2271 2307 2358 ἀρχαίου.
2401 2273 2471 2340 ld
2538 2271 2713 2361 quod
2772 2282 2874 2338 est
2929 2267 3227 2356 πλήθους
3286 2267 3751 2336 commendare
3812 2264 4063 2330 videtur
4124 2260 4313 2328 locus

1415 2391 1569 2456 tituli
1618 2391 2007 2458 Eretriensis
2058 2410 2250 2480 quem
2301 2409 2501 2476 supra
2550 2386 3199 2456 commemoravimus
3262 2385 3452 2452 etiam
3501 2405 3621 2471 per
3686 2375 3992 2448 orationis
4048 2376 4315 2444 sormam

1398 2507 1601 2596 ‘huius
1668 2507 1752 2574 de
1815 2517 1964 2596 quo‘
2012 2507 2260 2594 agimus
2324 2507 2448 2574 loci
2508 2505 2863 2572 simillimus
2914 2501 2997 2589 (v.
3054 2499 3134 2566 19
3182 2500 3329 2578 ss.):
3390 2501 3631 2569 εἵνεκεν
3690 2495 3807 2558 τοῦ
3860 2485 4315 2579 δανειζομένου

1411 2625 1530 2686 τοῦ
1590 2621 2162 2706 προγεγραμμένου
2221 2617 2519 2706 πλήθους
2576 2618 2679 2686 ἐπὶ
2722 2614 3091 2702 ὑποθήκαις
3138 2611 3535 2700 ἄξιοχρέοσιν
3580 2603 4131 2691 καταγοράζεσθαι
4186 2599 4316 2670 ἀπὸ

1413 2740 1532 2802 τοῦ
1575 2737 1920 2812 πίπτοντος
1965 2732 2097 2806 κατ’
2147 2733 2447 2804 ἐνιαυτὸν
2501 2732 2699 2804 τόοιου
2746 2733 2961 2800 ἔλαιον
3010 2734 3097 2808 εἰς
3118 2727 3193 2798 τὸ
3215 2727 3599 2814 γυμνάσιοντ
3648 2734 3715 2790 at
3758 2723 3823 2790 in
3867 2721 4105 2789 eodem
4136 2720 4314 2788 titulo

1417 2853 1732 2920 habemus
1795 2855 1984 2956 etjam
2033 2853 2305 2922 verbum
2354 2853 2537 2942 quod
2584 2863 2685 2921 est
2730 2848 3053 2936 διάφορον
3100 2872 3158 2914 v.
3207 2845 3311 2920 54,
3362 2844 3467 2919 61,
3514 2837 3619 2918 64,
3676 2840 3761 2907 ita
3816 2850 3887 2906 ut
3944 2838 4111 2938 inter.
4150 2835 4313 2904 haec

1418 2969 1546 3038 duo
1594 2991 1866 3058 prorsus
1918 2969 2121 3037 libera
2169 2969 2250 3036 sit
2293 2970 2495 3057 optio,
2546 2990 2695 3036 cum
2738 2987 2819 3032 ea
2868 2985 3040 3054 quae
3089 2973 3237 3032 sunt
3290 2956 3561 3052 ἀρχαῖον
3621 2968 3685 3023 et
3738 2949 4095 3038 κεφάλαιον
4154 2952 4313 3022 Atti-

1331 3164 1338 3185 *
1421 3106 1643 3155 corum
1717 3087 1922 3176 magis
1969 3087 2234 3175 propria
2281 3108 2433 3156 esse
2480 3081 2897 3165 videantur.*)
2993 3074 3211 3149 Εἰπὼν
3251 3072 3503 3160 γραπτὴ
3548 3095 3676 3165 qua
3732 3069 4063 3163 hypostoli
4109 3069 4318 3137 hono-

1425 3206 1696 3273 randum
1747 3226 1898 3273 esse
1949 3216 2220 3273 censent
2267 3205 2594 3271 Critonem
2642 3199 2727 3287 (v.
2784 3198 2887 3284 19)
2938 3194 3373 3283 intellegenda
3405 3204 3507 3261 est
3536 3194 3747 3281 imago
3779 3190 3840 3255 in
3872 3186 4090 3255 tabula
4124 3185 4313 3271 picta,
4362 3240 4369 3247 .

1425 3341 1551 3410 qua
1605 3322 1687 3389 de
1734 3343 1804 3389 re
1852 3332 2158 3390 accurate
2209 3319 2513 3416 exposuit
2553 3314 2919 3385 Boeckhius
2968 3314 3037 3379 C.
3072 3314 3115 3377 1.
3142 3313 3228 3379 G.
3274 3313 3351 3387 11.
3401 3334 3463 3399 p.
3500 3306 3629 3378 662
3676 3300 3901 3388 ss.**).
3970 3299 4074 3365 cui
4121 3297 4183 3363 in
4234 3315 4316 3359 eo

1421 3458 1686 3527 quoque
1732 3438 2079 3512 assentior*
2107 3435 2284 3527 quod
2334 3431 2551 3501 εἰκόνα
2589 3426 2891 3516 ,γοασιτήν
2934 3429 3177 3495 τελείαν
3222 3427 3360 3495 sive
3406 3426 3644 3491 πίνακα
3704 3416 3945 3485 τέλειον
3998 3414 4312 3499 interpre-

1419 3564 1588 3622 tatur
1643 3554 1959 3629 »tabulam
2011 3554 2247 3641 pictam
2297 3572 2469 3639 quae
2532 3561 2731 3617 totam
2788 3547 2975 3611 unius
3020 3544 3123 3612 vel
3188 3542 3464 3630 plurium
3515 3550 3821 3605 staturam
3866 3538 4317 3603 monstraret«,

1419 3692 1546 3738 non
1595 3671 1944 3757 imaginem
1993 3672 2198 3756 ipsam
2247 3667 2519 3734 hominis
2568 3676 2875 3731 staturam
2924 3658 3365 3748 magnitudine
3414 3663 3883 3740 exaequantem
3940 3664 4113 3736 quae
4158 3662 4312 3705 sen-

1421 3788 1612 3855 tentia
1663 3798 1766 3853 est
1815 3786 2068 3853 Ottonis
2113 3783 2292 3851 Jahni
2344 3782 2425 3862 (in
2473 3778 3015 3847 commentatione
3062 3794 3258 3866 quam
3307 3774 3391 3839 de
3438 3764 3817 3854 imaginibus
3864 3783 3899 3829 a
3948 3758 4313 3846 Polygnoto

1424 3903 1688 3992 Delphis
1737 3904 1796 3969 in
1847 3900 2204 3989 parietibus
2254 3895 2515 3965 ieschae
2564 3895 2936 3963 Cnidiorum
2982 3892 3169 3981 pictis
3216 3886 3493 3975 scripsit·
3522 3908 3585 3972 p.
3616 3880 3701 3945 62
3748 3879 3889 3958 SS.);
3933 3894 4083 3944 nam
4128 3871 4318 3949 πίναξ

1327 4074 1332 4079 .
1424 4021 1528 4087 ille
1577 4016 1814 4093 τέλειος
1859 4016 1942 4083 ab
1989 4014 2264 4089 ismenia
2314 4012 2721 4081 Chalcidensi
2768 4014 2980 4100 pictus
3028 4027 3223 4098 quem
3272 4002 3529 4073 Habron
3586 3992 3864 4083 Lycurgi
3922 3988 4197 4057 oratoris
4242 3986 4321 4055 fl·-

1425 4138 1548 4203 lins
1595 4135 1658 4202 in
1709 4129 2443 4200 Erechffiewdedieavit
2490 4128 2617 4216 (vit.
2666 4130 2717 4194 X
2766 4138 2949 4195 oran.
3000 4148 3063 4213 p.
3108 4117 3317 4200 8436)
3364 4136 3513 4183 cum
3558 4123 3761 4177 totum
3800 4120 4071 4176 stemma
4118 4123 4318 4191 gene-

1563 4422 1608 4487 Ἴ
1652 4422 1708 4473 ld
1757 4420 1898 4485 quod
1937 4423 2022 4469 est
2059 4412 2287 4482 ἀρχαῖον
2326 4418 2525 4481 legitur
2566 4422 2743 4465 tamen
2784 4416 2945 4464 etiam
2987 4413 3039 4459 in
3084 4406 3406 4456 testamento
3442 4398 3722 4462 Epictclae
3763 4396 3897 4449 0.·1.
3936 4394 4029 4444 Gr.
4068 4406 4121 4444 n.
4161 4400 4317 4446 2448.

1425 4512 1562 4565 vm,
1601 4526 1653 4561 v.
1694 4518 1724 4563 8
1765 4514 1822 4561 et
1858 4510 1914 4560 in
1955 4509 2112 4559 titulo
2150 4508 2519 4573 Lampsaceno
2558 4506 2687 4557 ibid.
2726 4518 2779 4553 n.
2820 4500 3020 4554 36411).
3060 4510 3109 4548 v.
3154 4500 3235 4546 Π.

1563 4598 1636 4667 *·)
1675 4600 1822 4650 Idem
1861 4598 2128 4663 significat
2163 4593 2325 4649 εἰκὼν
2360 4588 2432 4659 ἐμ
2461 4590 2651 4645 πίνακι
2688 4594 2742 4642 in
2781 4592 3003 4641 decreto
3040 4586 3108 4637 ab
3146 4582 3490 4649 Orgeonibus
3528 4578 3717 4629 Matris
3754 4574 3983 4637 Magnae
4020 4566 4321 4621 Piraeensi·

1423 4693 1522 4740 bus
1563 4690 1618 4739 in
1657 4691 1920 4741 honorem
1959 4688 2214 4739 Hermaei
2253 4684 2619 4748 Hermogenis
2657 4681 2751 4731 fllii
2790 4676 3097 4728 Paeonidae
3134 4674 3277 4724 sacto
3326 4669 3400 4729 (v.
3440 4664 3800 4726 Archaeolog.
3838 4660 4112 4723 Anteiger
4166 4661 4318 4714 1855,

1423 4795 1474 4829 n.
1514 4786 1598 4831 82.
1641 4786 1724 4831 83.
1763 4794 1814 4842 p.
1854 4776 1958 4831 83*
1999 4792 2050 4827 n.
2091 4772 2144 4843 1)
2184 4782 2345 4841 atque
2384 4772 2577 4824 eodem
2614 4766 2891 4821 referendi
2930 4780 3050 4815 esse
3086 4764 3341 4814 videntur
3378 4750 3625 4809 εἰκονικοὶ
3657 4748 3880 4807 πίνακες
3930 4749 3984 4797 in
4035 4744 4208 4795 altero
4258 4744 4324 4791 ti-

1424 4869 1535 4919 tulo
1573 4868 1753 4919 Attico
1787 4865 1944 4919 valde
1983 4868 2166 4919 laceto
2203 4878 2365 4927 quem
2407 4858 2579 4909 edidit
2618 4860 2676 4911 E.
2718 4857 2935 4906 Curtius
2974 4852 3394 4915 (inscriptiones
3445 4844 3655 4893 Atticae
3695 4852 3867 4900 nuper
3904 4840 4155 4898 repertae
4205 4828 4322 4885 ΧΠ,

1422 4966 1596 5020 p..1·1‚
1642 4946 1850 5013 msvl,
1890 4971 1939 5005 v.
1964 4961 2036 5021 a).
