4607 6238
1465 785 1905 854 ...19-

407 927 788 1033 Δαμοκρίτά
831 947 1128 1012 Αἰνείου·
1182 943 1536 1012 Πολυαινῶ
1579 947 1866 1012 Αἰνείου.
1944 947 2286 1035 impositus
2336 960 2473 1014 erat
2520 949 2707 1036 igitur
2753 947 2855 1014 hic
2903 949 3134 1036 cippus

239 1065 558 1135 communi
619 1062 924 1152 sepulcro
991 1063 1262 1130 duarum
1329 1083 1628 1129 sororum
1699 1084 1972 1152 quarum
2042 1063 2224 1130 alteri
2293 1083 2529 1131 nomen
2602 1076 2703 1130 est
2770 1064 3132 1156 Poly-aem,

238 1185 418 1252 cuius
463 1179 708 1247 nullum
754 1189 1010 1265 praeter
1055 1176 1182 1245 hoc
1229 1179 1376 1246 novi
1427 1179 1816 1266 exemplum.

413 1296 545 1364 Sed
593 1296 717 1361 iam
767 1315 804 1360 e
849 1294 1180 1382 Magnesia
1228 1293 1290 1360 in
1339 1293 1721 1372 Helvetiam,
1774 1315 1854 1361 ex
1900 1294 2175 1384 antiquis
2223 1295 2284 1360 in
2334 1307 2555 1362 nostra
2601 1306 2897 1384 tempora
2942 1295 3137 1362 rede-

223 1435 418 1482 ·amus
465 1422 658 1500 atque
716 1409 781 1476 id
829 1431 1099 1498 agamus
1157 1411 1342 1476 cuius
1403 1430 1606 1476 causa
1657 1408 1824 1476 haec
1883 1411 2339 1498 praelusimus,
2433 1411 2695 1478 Scilicet
2752 1410 3137 1478 indicendae

242 1539 383 1596 sunt
447 1526 636 1595 nobis
685 1526 952 1620 scholae
1001 1527 1060 1592 in
1109 1525 1230 1591 hac
1301 1535 1520 1592 nostra
1592 1525 1914 1592 literarum
1987 1526 2401 1592 universitate
2456 1547 2577 1614 per
2637 1525 2918 1592 hiemem
2990 1525 3135 1593 anni

239 1643 722 1710 MDCCCLXIII'I
757 1679 837 1688 --
873 1640 1312 1719 MDCCCLXV
1373 1639 1750 1718 habendae,
1829 1662 1960 1730 quo
2015 1663 2284 1708 munere
2342 1662 2464 1707 nos
2526 1642 2791 1730 quidem
2848 1663 3017 1708 nunc
3075 1653 3141 1710 et

237 1761 510 1846 primum
578 1769 643 1824 et
703 1758 1013 1824 ultumum
1082 1757 1422 1843 fungimur.
1529 1757 1773 1821 Etenim
1843 1777 1992 1822 cum
2043 1770 2345 1824 senatus·
2380 1759 2807 1824 universitatis
2878 1769 3139 1824 nostrae

234 1888 518 1944 veterem
584 1875 760 1941 illum
822 1894 1070 1941 morem
1134 1893 1215 1938 ex
1277 1893 1410 1962 quo
1465 1882 1728 1960 praeter
1788 1870 2066 1938 indicem
2136 1872 2505 1940 scholarum
2568 1873 2773 1960 patrio
2837 1895 3141 1941 sermone

238 1992 671 2081 conscriptum
718 1990 882 2058 alter
925 1990 1230 2056 latinitate
1278 1988 1554 2055 donatus
1603 1989 1664 2054 in
1711 1987 2044 2076 publicum
2091 1989 2501 2056 emittebatur
2547 1988 2941 2057 abolendum
2990 2010 3142 2056 esse

238 2107 600 2175 decreverit
643 2127 928 2196 cumque
977 2105 1102 2170 hoc
1151 2115 1416 2170 senatus
1465 2105 1828 2171 consultum
1877 2125 2100 2171 eorum
2150 2105 2261 2194 qui
2307 2105 2370 2172 in
2402 2106 2524 2172 hac
2559 2105 2897 2194 republica
2943 2105 3141 2172 rebus

237 2222 643 2290 scholasticis
714 2231 1026 2309 praesunt
1093 2220 1578 2306 magistratuum
1642 2221 2020 2287 auctoritate
2067 2220 2513 2288 confirmatum
2563 2223 2669 2297 sit,
2742 2222 2951 2288 tenuis
2998 2222 3141 2288 hice

236 2338 492 2404 libellus
540 2359 773 2425 agmen
806 2358 1032 2403 eorum
1076 2336 1182 2424 qui
1219 2334 1300 2402 ad
1349 2334 1732 2402 indicandas
1765 2333 2024 2401 scholas
2073 2335 2132 2400 in
2178 2335 2302 2402 hac
2351 2337 2677 2402 literarum
2731 2337 3143 2403 universitate

237 2452 576 2520 habendas
633 2452 852 2540 scripti
913 2463 1060 2518 sunt
1121 2450 1400 2517 claudet.
1499 2449 1688 2529 Quod
1748 2464 1959 2518 tamen
2007 2471 2136 2518 non
2184 2452 2268 2518 ita
2312 2452 2519 2540 accipi
2567 2452 2985 2519 volumusut
3031 2475 3144 2519 ve-

237 2581 473 2636 tustum
531 2589 782 2636 morem
846 2589 1116 2656 prorsus
1177 2567 1554 2633 deseruisse
1603 2577 1666 2632 et
1713 2566 1879 2634 hanc
1927 2567 2114 2656 quasi
2160 2579 2479 2634 tesseram
2528 2569 2703 2655 apud
2750 2569 3035 2658 reliquas
3083 2580 3146 2635 et

241 2686 624 2754 Germaniae
673 2696 737 2750 et
779 2685 1112 2751 Helvetiae
1159 2684 1482 2750 literarum
1533 2683 1981 2750 universitates
2029 2660 2432 2771 confregisse
2479 2684 2846 2763 videamur,
2913 2685 3035 2752 sed
3082 2686 3143 2750 in

239 2813 571 2890 posterum
622 2821 886 2890 quoque
935 2800 1137 2867 semel
1187 2821 1307 2886 per
1337 2819 1574 2866 annum
1622 2797 1908 2863 libellum
1955 2799 2402 2866 academicum
2450 2800 2723 2866 edemus
2772 2823 2902 2890 quo
2951 2821 3143 2888 prae-

237 2918 436 2983 missa
482 2911 1023 2984 commentatione
1071 2915 1285 3001 aliqua
1335 2913 1612 2979 literaria
1643 2914 1902 2980 nomina
1946 2935 2172 2981 eorum
2224 2916 2749 2982 commilitonum·
2778 2916 2887 3006 qui
2920 2916 3143 2982 solutis

239 3029 731 3121 quaestionibus
779 3052 817 3097 a
865 3029 1058 3096 variis
1105 3027 1483 3095 academiae
1533 3041 1790 3095 nostrae
1849 3029 2182 3097 ordinibus
2231 3033 2583 3121 propositis
2633 3033 2992 3121 praemium
3042 3033 3145 3100 vel

240 3146 500 3214 laudem
553 3155 930 3212 meruerunt
981 3144 1484 3211 renuntiabimus
1533 3144 1852 3235 simulque
1899 3167 2068 3213 nova
2125 3150 2475 3216 certamina
2524 3134 2904 3216 eruditionis
2963 3170 3144 3216 com-

238 3260 625 3328 militonibus
691 3261 927 3327 nostris
994 3258 1372 3327 indicemus.
1469 3264 1767 3327 Vestrum
1833 3261 2020 3349 igitur
2080 3262 2224 3337 erit.
2299 3264 2517 3352 optimi
2582 3276 2646 3330 et
2708 3264 3142 3331 humanissimi

235 3378 740 3457 commilitoneS,
815 3375 1163 3465 providere
1227 3387 1297 3442 ut
1356 3398 1547 3466 quam
1610 3377 1881 3469 plurima
1944 3378 2253 3444 victorum
2318 3380 2577 3447 nomina
2635 3380 2696 3445 in
2754 3378 2852 3445 his
2912 3379 3143 3448 tabulis

245 3492 598 3557 inscribere
643 3492 832 3559 nobis
879 3491 1088 3559 liceat.
