4607 6238
2771 763 2794 766 -
2916 722 2957 790 5
3058 765 3063 770 ,

2682 914 2756 983 F.
2810 915 3043 1001 Gon,
3090 915 3215 986 Dr.

1627 1064 2040 1131 Policlinicen
2086 1063 2419 1152 quaternis
2466 1061 2664 1128 semis
2711 1057 2887 1126 horis
2934 1062 3398 1130 moderabitur.

1591 1149 2068 1240 'Pathologiam
2131 1171 2209 1218 ac
2277 1150 2635 1238 therapiam
2694 1151 3045 1236 specialem
3117 1149 3217 1216 bis
3279 1174 3341 1239 p.
3391 1151 3451 1217 h.
3501 1173 3651 1218 cum
3698 1154 4240 1222 commilitonibus
4288 1176 4379 1222 re-

1627 1254 1760 1307 trac
1834 1241 1939 1307 bit.

1630 1253 1999 1485 Pralgiicurz
2037 1330 2786 1486 adbmedicamentorum
2834 1329 3442 1415 praecipiendorum
3479 1331 3789 1398 rationem
3825 1332 4155 1419 pertinens
4188 1334 4379 1400 semel

1626 1443 1686 1508 p.
1785 1473 1798 1486 .
1847 1442 1953 1487 mo
2006 1441 2116 1485 era
2169 1431 2309 1485 itur.

2163 1613 2340 1700 lV.
2471 1611 2851 1702 Ordinis
2913 1577 3710 1731 Philosophorum.

1964 1759 2032 1836 a)
2099 1754 2458 1818 Sectionis
2503 1750 3918 1833 philosophico-philologico-historicae.

2283 1875 2671 2000 Decaqus:
2727 1873 2814 1955 H.
2870 1875 3451 1974 Schweizer‚
3506 1876 3635 1959 Dr.

2112 2017 2116 2026 ’
2161 2008 2232 2088 1.
2364 2004 2975 2116 ΡνοΓεέεοναηι
3037 2009 3708 2092 ordinm-imvm.

2583 2139 2699 2210 Fr.
2757 2138 3119 2228 Viscum,
3170 2140 3291 2211 Dr.

1628 2303 2026 2370 Aesthetices
2090 2316 2337 2390 partem
2401 2304 2685 2390 priorem
2731 2311 2903 2393 quae
2952 2314 3051 2370 est
3098 2303 3180 2370 de
3230 2303 3501 2391 pulchro
3550 2324 3628 2368 ac
3679 2303 3761 2368 de
3811 2301 4141 2390 phantasia
4190 2301 4380 2365 ternis

1625 2393 2160 2570 gbzffhitimpdggma
2209 2481 2388 2570 quod
2442 2482 2799 2547 »Faustus«
2854 2481 3220 2548 inscribitur
3265 2481 3432 2547 binis
3477 2480 3653 2546 horis
3704 2479 4059 2546 illustrabit.

2584 2639 2673 2707 A.
2726 2637 2801 2707 L.
2857 2637 3056 2726 KYM‚
3118 2638 3239 2708 Dr.

1627 2802 2080 2890 Philosophiae
2154 2802 2302 2868 inde
2374 2823 2412 2868 a
2461 2801 2722 2868 Thalete
2792 2801 2874 2868 ad
2924 2803 3219 2868 Kantium
3286 2823 3497 2890 usque
3558 2797 3885 2866 historiam
3949 2797 4159 2886 quinis
4210 2796 4381 2863 horis

1625 2903 2473 3070 pggsssgueettussetaphysica
2518 2979 2847 3068 quaternis
2894 2977 3067 3045 horis
3117 2977 3397 3046 docebit.

1627 3071 2135 3139 Exercitationes
2185 3067 2673 3155 philosophicas
2720 3068 2821 3135 bis
2868 3090 2931 3156 p.
2982 3067 3041 3133 h.
3092 3066 3415 3136 moderari
3463 3078 3711 3155 perget.

2582 3226 2672 3297 M.
2726 3226 3123 3309 Bitnmossu,
3176 3226 3294 3295 Dr.

1497 3398 1552 3479 1)
1621 3395 1962 3462 Historiam
2011 3413 2315 3482 graecam
2362 3392 2561 3458 ternis
2608 3392 2874 3470 scholiS‚

1494 3485 1556 3568 2)

1493 3572 1553 3653 3)

1467 3748 1552 3831 14)

1501 4040 1553 4119 1)

1630 3486 1758 3550 Res
1808 3484 1866 3549 in
1919 3486 2174 3569 Europa
2224 3483 2491 3549 saeculo
2538 3482 2668 3549 XV.
2719 3492 2939 3569 gestas
2989 3480 3253 3547 totidem
3302 3476 3478 3543 horis
3527 3472 3869 3543 enarrabit.

1629 3574 1973 3651 Quomodo
2021 3594 2131 3638 res
2176 3572 2503 3638 nationum
2550 3568 3050 3636 Romanensium
3092 3578 3164 3632 et
3209 3567 3737 3634 Germanicarum
3786 3562 4112 3655 paullatim
4160 3565 4395 3632 adole-

1623 3662 1828 3727 verint
1873 3660 2234 3727 summatim
2283 3659 2588 3727 ostendet
2634 3658 2799 3725 binis
2848 3681 2907 3745 p.
2958 3657 3017 3721 h.
3066 3656 3267 3723 horiS.

1625 3751 2132 3817 Exercitationes
2181 3748 2519 3817 historicas
2568 3746 2733 3813 binis
2780 3746 2954 3813 horis
3001 3744 3467 3842 moderabitur.

2620 3907 2697 3977 G.
2751 3905 3095 3995 Bassum,
3124 3906 3269 3977 Dr.

1631 4036 2144 4127 Geographicam
2193 4038 2510 4106 Graeciae
2560 4034 3063 4123 descriptionem
3113 4040 3443 4125 quaternis
3490 4032 3662 4098 horis
3712 4008 3941 4088 tradet·

1629 4131 1921 4197 Selectas
1968 4129 2286 4194 Iuvenalis
2321 4128 2553 4195 satiras
2586 4126 3069 4215 prolegomenis
3120 4128 3201 4192 de
3248 4128 3497 4191 ratione
3544 4136 3622 4181 ac
3671 4112 3755 4179 de
3801 4110 4060 4181 historia
4094 4133 4391 4201 poeseos

1623 4221 2056 4295 Romanorum
2103 4218 2400 4285 satiricae
2450 4216 2825 4305 praemissis
2873 4216 3072 4280 ternis
3119 4213 3293 4277 boris
3341 4202 3881 4291 interpretabitur.

1613 4308 1889 4389 ,Critices
1960 4315 2023 4373 et
2092 4303 2653 4383 hermeneuticeS‚
2734 4315 3057 4393 quatenus
3129 4298 3211 4363 ad
3269 4294 3643 4382 disciplinas
3701 4292 4121 4384 philologicos
4168 4303 4232 4359 et
4278 4315 4396 4361 ar-

1623 4396 2080 4480 chaeologicas
2127 4408 2445 4482 spectant,
2494 4398 2803 4462 rationem
2854 4390 3017 4455 binis
3066 4384 3308 4451 scholis
3358 4382 3636 4452 docebit.

1626 4486 1982 4553 Seminario
2033 4478 2944 4572 philologico-paedagogico
3008 4472 3378 4561 praefectus
3427 4473 3920 4561 exercitationes
3968 4466 4031 4555 a)
4077 4468 4273 4535 latine
4323 4478 4399 4531 et

1622 4595 1858 4663 graece
1909 4574 2236 4640 scribendi
2287 4573 2489 4638 semel
2539 4593 2601 4656 p.
2652 4569 2731 4637 h..
2809 4564 2869 4644 b)
2920 4562 3292 4665 exegeticus
3358 4563 3605 4629 selecta
3652 4562 3937 4629 carmina
3985 4558 4395 4623 Graecorum
4494 4580 4507 4591 ·

1623 4664 1916 4749 elegiaca
1959 4660 2435 4749 interpretanda
2486 4653 2936 4742 propositurus
2969 4652 3239 4740 smgulis
3271 4651 3521 4720 binisve
3552 4650 3812 4723 scholis
3862 4646 3921 4727 c)
3958 4640 4397 4731 philologicas

1624 4753 1885 4820 totidem
1933 4753 2108 4819 horis
2159 4744 2617 4814 moderabitur.
3398 4744 3405 4753 '
