4607 6238
2716 745 2793 754 ...-
2896 706 2975 772 ιο

2306 907 2396 987 3.
2524 909 2950 1010 Privatim
3012 910 3524 994 docentium.

2709 1077 2773 1146 J.
2826 1076 2903 1148 C.
2956 1076 3137 1148 Huc.

1476 1240 1534 1316 1)
1605 1238 1936 1305 Calculum
1984 1238 2475 1307 differentialem
2522 1252 2589 1308 et
2632 1241 3009 1329 integralem
3058 1253 3156 1309 ter
3201 1201 3263 1326 p.
3312 1239 3373 1306 h.
3426 1240 3709 1308 docebit.

1471 1326 1537 1413 2)
1607 1325 2010 1415 Methodicen
2059 1329 2142 1395 ad
2190 1327 2638 1396 mathematica
2688 1330 3111 1418 pertinentem
3160 1329 3324 1396 binis
3369 1329 3545 1396 horis
3594 1332 3825 1398 tradet.

2596 1483 2674 1555 G.
2729 1457 3072 1572 Onnum,
3124 1486 3247 1556 Dr.

1477 1631 1533 1715 1)
1601 1633 1952 1698 Botanicen
2002 1631 2434 1697 universalem
2485 1631 2831 1720 quinquies
2880 1630 3108 1698 tradet.

1471 1721 1534 1797 2)
1604 1720 2107 1788 Exercitationes
2157 1721 2669 1808 microscopicas
2717 1731 2949 1810 quater
2993 1743 3055 1809 p.
3104 1719 3167 1786 h.
3218 1722 3677 1790 moderabitur.

2584 1876 2668 1948 H.
2720 1876 3052 1964 Douma,
3104 1876 3226 1948 Dr.

1475 2007 1530 2085 1)
1603 2004 2477 2095 Geometriam.analyticam
2525 2004 2699 2071 circa
2746 2005 3022 2092 spatium
3074 2016 3440 2072 versantem
3489 2007 3673 2084 binis,

1471 2095 1532 2174 2)
1607 2094 1831 2182 Capita
1877 2095 2122 2162 altioris
2169 2115 2364 2183 quam
2412 2106 2651 2160 vocant
2694 2095 3185 2171 mathematicae
3230 2096 3475 2164 selecta
3523 2097 3788 2164 totidem
3835 2097 4011 2164 horis
4056 2099 4365 2168 “notabit

2516 2249 2596 2321 C.
2650 2271 2740 2322 nn
2790 2251 3137 2340 Fulmen,
3187 2254 3309 2325 Dr.

1474 2415 1535 2491 1)
1606 2413 2082 2502 Geographiam
2130 2413 2539 2502 physicalem
2588 2416 2753 2484 binis
2799 2415 2995 2496 horis,

1471 2504 1534 2585 2)
1606 2503 1985 2590 Geologiam
2033 2503 2411 2582 chemicam‚
2463 2516 2528 2570 et

1471 2590 1535 2678 3)
1608 2593 1980 2659 Docti-inam
2027 2593 2110 2660 de
2160 2592 2483 2659 montibus
2534 2594 2870 2682 ignivomis
2920 2596 3186 2662 totidem
3236 2594 3409 2661 horis
3456 2596 3685 2663 tradet.

1470 2681 1530 2760 4)
1602 2683 1697 2748 De
1747 2681 1944 2749 rebus
1995 2683 2470 2770 mineralogicis
2518 2681 2618 2750 bis
2668 2706 2729 2771 p.
2780 2682 2840 2749 h.
2892 2705 3037 2750 cum
3087 2685 3625 2754 commilitonibus
3674 2686 4101 2774 colloquetur.

2412 3035 2961 3108 BAUMGARTNER
2982 3089 3001 3127 ‚
3039 3037 3194 3108 Dir.
3251 3059 3425 3109 mus.

1471 3200 1844 3267 Doctrinam
1901 3200 1984 3266 de
2033 3220 2267 3267 vocum
2327 3200 2682 3268 concordia
2728 3202 2995 3288 singulis
3044 3202 3291 3269 binisve
3338 3203 3513 3268 horis
3562 3200 3770 3267 tradet
3816 3203 4138 3291 simulque
4186 3223 4368 3269 com-

1604 3288 1921 3356 militones
1969 3289 2031 3355 in
2079 3290 2295 3357 modis
2348 3290 2613 3357 musicis
2660 3303 2937 3380 quatuor
2983 3291 3253 3359 vocibus
3301 3290 3756 3359 describendis
3805 3292 4162 3359 exercebit.
