4607 6238
517 1362 610 1426 Ad
671 1380 968 1448 magnam
1017 1359 1187 1424 illam
1237 1359 1558 1425 titulorum
1613 1359 2012 1425 Graecorum
2085 1357 2471 1445 farraginem
2544 1380 2739 1448 quam
2811 1360 3047 1426 cotidie
3118 1363 3250 1429 fere

337 1496 521 1555 terra,
573 1478 814 1564 optima
846 1486 1406 1542 monumentorum
1440 1475 1850 1564 antiquorum
1886 1474 2361 1554 conservatrix,
2414 1473 2597 1540 novis
2646 1473 3009 1564 thensauris
3056 1490 3251 1564 auget

339 1617 506 1685 quos
556 1593 806 1682 gremio
840 1613 961 1658 suo
1005 1591 1163 1680 eripi
1214 1591 1450 1680 patitur
1493 1591 1597 1657 vix
1643 1591 1772 1657 ulla
1821 1602 1922 1658 est
1946 1589 2262 1657 Graeciae
2289 1591 2473 1680 regio
2505 1610 2676 1680 quae
2702 1592 3011 1676 pauciora
3038 1591 3250 1659 adhuc

335 1710 678 1777 contulerit
723 1728 918 1799 quam
963 1708 1293 1794 Magnesia
1339 1706 1720 1795 paeninsula
1771 1705 2144 1772 Thessaliae
2193 1727 2324 1794 qua
2371 1705 2685 1771 orientem
2734 1706 2943 1773 solem
2999 1717 3253 1795 spectat

339 1845 612 1903 annexa,
663 1845 834 1913 quae
885 1827 941 1889 in
977 1823 1267 1912 Corpore
1319 1823 1804 1911 inscriptionum
1839 1821 2239 1889 Graecarum
2289 1819 2683 1914 aBoeckhio
2710 1821 2958 1904 edito*)
3008 1824 3250 1890 nullum

340 1941 599 2006 omnino
643 1940 862 2005 locum
898 1938 1160 2004 obtinet.
1256 1937 1330 2003 Et
1379 1959 1773 2028 quamquam
1823 1937 1996 2004 baud
2046 1958 2205 2004 sane
2253 1938 2481 2003 mirum
2512 1949 2614 2004 est
2648 1938 2823 2004 sieis
2851 1938 3251 2028 temporibus

338 2055 574 2144 quibus
647 2046 974 2120 Graeciae'
1009 2051 1299 2118 civitates
1349 2074 1470 2118 suo
1522 2052 1658 2119 iure
1707 2063 1770 2119 et
1817 2051 2110 2119 libertate
2159 2052 2538 2119 fruebantur
2583 2052 2733 2119 nihil
2795 2055 2930 2121 sere
2977 2055 3041 2121 in
3088 2056 3251 2144 lapi-

341 2170 533 2238 dibus
582 2169 1066 2237 inscribendum
1115 2169 1362 2235 curavit
1405 2171 1767 2258 Magnetum
1815 2191 1998 2258 gem,
2050 2167 2295 2258 quippe
2346 2189 2517 2257 quae
2564 2169 2714 2235 olim
2748 2170 3013 2260 quidem
3058 2171 3253 2238 mari-

337 2289 486 2352 tima
533 2287 818 2374 potentia
868 2286 1103 2352 incluta
1152 2297 1214 2353 et
1260 2286 1555 2372 corporis
1603 2284 2116 2374 Amphictyonici
2164 2283 2524 2351 membrum
2559 2285 2825 2374 reliquis
2875 2285 3252 2353 auctoritate

335 2401 510 2468 haud
557 2402 839 2476 inferius,
888 2424 1036 2469 mox
1084 2413 1296 2468 tamen
1347 2400 1804 2468 Thessalorum
1853 2400 2268 2467 dominationi
2318 2399 2741 2466 succubuerit
2785 2421 2865 2467 ac
2936 2401 3249 2490 deinceps

335 2539 484 2585 cum
555 2519 710 2605 ipsis
781 2517 1106 2584 Thessalis
1154 2517 1556 2607 reliquisque
1632 2517 1935 2604 gentibus
2007 2516 2278 2605 imperio
2351 2516 2605 2583 illorum
2676 2516 3053 2606 parentibus
3125 2539 3251 2584 non

337 2632 548 2698 solum
596 2653 632 2698 a
665 2633 1132 2700 Macedonibus
1182 2632 1478 2700 subiecta
1513 2632 1632 2698 sed
1669 2633 1861 2699 etiam
1913 2632 2080 2698 urbe
2125 2631 2545 2698 Demetriade
2592 2633 2850 2700 condita
2886 2632 3252 2700 firmissima

337 2750 522 2838 quasi
580 2749 814 2837 pedica
863 2749 1144 2838 adligata
1190 2750 1396 2827 fuerit,
1447 2761 1663 2816 tamen
1711 2749 1865 2815 inde
1913 2747 1995 2814 ab
2045 2769 2126 2814 eo
2176 2759 2471 2835 tempore
2506 2769 2637 2838 quo
2663 2749 2931 2815 Romani
2956 2747 3251 2837 Philippo

335 2887 490 2953 rege
537 2865 1138 2955 Macedonibusque
1189 2863 1459 2931 devictis
1505 2863 1771 2943 liberoS,
1821 2863 2162 2942 immunes
2215 2863 2352 2929 suis
2398 2863 2656 2951 legibus
2713 2884 2866 2930 esse
2928 2865 3255 2931 iusserunt

337 2983 668 3068 Magnetas
717 3001 843 3044 una
892 3001 1038 3044 cum
1088 2977 1353 3072 reliquis
1402 2978 1701 3064 gentibus
1751 2999 1923 3068 quae
1971 2978 2094 3044 sub
2144 2977 2400 3056 dicione
2449 2979 2722 3068 Philippi
2767 2981 2942 3068 regis
3002 2981 3252 3046 fuerant

339 3091 495 3179 (Liv.
545 3094 812 3190 XXXllI3
863 3089 993 3180 32),
1045 3091 1165 3159 hos
1213 3114 1480 3184 quoque
1527 3104 1597 3160 ut
1628 3093 1910 3184 reliquas
1961 3093 2275 3161 Graeciae
2325 3105 2553 3179 gentes
2602 3115 2766 3184 quas
2830 3095 2950 3162 illis
2998 3106 3249 3185 tempo-

337 3208 517 3274 ribus
567 3210 649 3274 de
699 3207 898 3274 rebus
949 3209 1048 3274 vel
1098 3208 1440 3275 levissimis
1490 3210 1702 3276 titulos
1736 3211 1871 3276 fere
1905 3211 2410 3279 verbosissimos
2442 3210 2705 3299 publice
2755 3212 3060 3299 posuisse
3093 3232 3251 3279 con-

336 3334 474 3399 stat,
530 3321 716 3389 bonis
768 3322 1091 3411 lapidibus
1119 3347 1246 3390 303
1295 3326 1680 3414 pepercisse
1729 3336 2236 3393 consentaneum
2265 3338 2385 3405 est,
2434 3328 2585 3416 quin
2612 3338 2754 3392 acta
2782 3326 3063 3412 publica,
3114 3349 3253 3393 ma-

337 3438 712 3520 gistratuum
747 3438 1004 3504 nomina
1039 3449 1102 3504 et
1134 3439 1442 3517 honoreS,
1487 3441 1910 3531 collegiorum
1947 3441 2212 3508 decreta
2246 3442 2307 3507 in
2340 3441 2459 3507 illis
2493 3441 2812 3529 insculpta
2843 3454 3251 3529 posterorum

340 3552 690 3617 memoriae
747 3555 1093 3621 traderent.
1205 3554 1400 3622 Cuius
1451 3556 1803 3624 industriae
1853 3557 2244 3624 documenta
2309 3557 2526 3648 aliqua
2590 3578 2800 3645 nuper
2858 3558 3099 3646 reperit
3142 3560 3247 3625 Al-

340 3664 560 3730 sredus
610 3664 920 3734 Mezieres
967 3671 1188 3737 Gallus
1239 3674 1346 3762 qui
1395 3674 1673 3760 eleganti
1722 3696 1917 3762 quem
1966 3673 2050 3742 de
2098 3674 2273 3739 Pelio
2310 3683 2375 3738 et
2408 3673 2582 3739 Ossa
2632 3672 2957 3739 montibus
2993 3673 3251 3762 scripsit

336 3779 554 3846 libello
580 3782 672 3863 aaz)
747 3793 1004 3869 praeter
1034 3786 1248 3851 titulos
1295 3789 1539 3877 aliquot
1587 3778 1990 3877 sepulcrales
2049 3811 2215 3879 quos
2265 3788 2387 3878 ipsi
2437 3789 2676 3854 itineris
2727 3789 2904 3876 quod
2952 3809 3073 3875 per
3104 3789 3244 3855 illas

338 3898 638 3983 regiones
699 3898 846 3964 fecit
892 3900 1309 3989 descriptioni
1358 3904 1622 3970 inseruit
1670 3917 1973 3995 quattuor
2019 3904 2266 3972 addidit
2339 3904 2789 3991 inscriptiones
2839 3906 3243 3971 accuratiore

276 4056 286 4069 ,
339 4012 637 4078 examine
687 4014 961 4080 maxime
1011 4015 1238 4103 dignas
1288 4016 1530 4106 quippe
1579 4040 1748 4107 quae
1797 4020 1880 4085 ad
1933 4019 2331 4107 reipublicae
2382 4020 2649 4085 sormam
2701 4030 2766 4084 et
2796 4019 2879 4085 ad
2914 4039 3249 4086 sacrorum

342 4126 956 4196 administrationem
1007 4133 1236 4220 quales
1287 4131 1633 4206 subjnitia
1682 4134 2130 4201 dominationis
2179 4135 2510 4200 Romanae
2557 4134 2621 4200 in
2665 4134 2994 4221 Magnesia
3024 4134 3252 4200 suerint

341 4243 746 4333 indagandas
812 4268 938 4312 non
1003 4247 1151 4315 nihil
1199 4250 1480 4317 utilitatis
1531 4250 1831 4332 afferant3
1883 4273 2047 4341 quas
2097 4272 2244 4317 cum
2291 4250 2434 4340 ipse
2482 4247 2793 4317 Mezieres
2842 4249 3027 4317 cuius
3088 4249 3253 4315 liber

343 4362 564 4444 paucis
611 4371 852 4427 tantum
901 4366 1275 4434 nostratium
1323 4368 1680 4435 innotuisse
1729 4368 1984 4434 videtur
2030 4368 2192 4434 tales
2239 4366 2517 4433 ediderit
2564 4366 2793 4456 quales
2840 4387 2877 4431 e
2924 4364 3249 4453 lapidibus

479 4539 526 4601 ¹¹)
564 4543 910 4605 Amplissima
937 4556 1094 4604 quam
1122 4544 1382 4595 Lebasins
1419 4546 1590 4595 edidit
1615 4544 1898 4595 titulorum
1923 4550 1979 4594 et
2014 4556 2337 4609 graecorum
2376 4548 2433 4593 et
2468 4542 2761 4593 latinorum
2801 4539 3124 4590 collectione
3162 4552 3249 4586 me

337 4635 414 4682 uti
454 4647 564 4682 303
603 4634 844 4695 potuisse
883 4636 1070 4682 testor.

477 4719 550 4789 *·)
590 4720 654 4769 Α.
694 4720 964 4773 Mezieres
1005 4721 1270 4773 Memoire
1308 4736 1402 4770 sur
1439 4724 1490 4772 le
1527 4724 1718 4773 Pelion
1755 4729 1810 4773 et
1846 4717 2034 4783 l'Ossa,
2074 4722 2228 4772 Paris
2267 4728 2421 4774 1853.
2516 4720 2665 4771 Idem
2719 4719 2933 4768 libellus
2986 4718 3247 4781 repetitus

341 4816 422 4857 est
459 4812 516 4859 in
556 4810 889 4861 collectione
935 4812 1459 4861 commentationum
1511 4826 1649 4875 quae
1697 4813 2048 4862 inscribitur:
2103 4809 2368 4863 Archives
2428 4810 2523 4861 des
2577 4810 2831 4859 missione
2878 4806 3247 4869 seientiflques

343 4901 396 4943 et
432 4896 742 4956 litterati-es,
785 4906 913 4951 tom.
951 4900 1030 4951 111
1066 4900 1243 4965 (Paris
1287 4898 1448 4963 1854)
1486 4915 1538 4963 p.
1585 4907 1877 4953 149—266.
