4607 6238
2682 686 3075 749 ,6,-

1424 843 1574 908 dum
1625 862 1777 908 esse
1827 854 2016 929 puto;
2064 841 2250 908 cuius
2301 861 2535 909 nomen
2584 862 2733 910 cum
2766 845 3123 912 Romanum
3174 849 3275 914 vel
3312 862 3491 916 certe
3522 850 3809 918 Italicum
3844 854 3925 919 sit
3962 893 4039 900 —-
4076 839 4327 924 Marcus

1423 958 1588 1023 enim
1639 958 1876 1024 Statius
1923 956 2028 1021 ille
2077 966 2347 1022 vocatur
2398 995 2475 1004 --
2528 955 2779 1025 titulum
2822 979 2954 1026 non
3000 972 3149 1026 ante
3214 961 3713 1032 dominationem
3760 966 4113 1038 Romanam
4169 992 4329 1040 con-

1421 1073 1730 1160 scriptum
1761 1093 1916 1138 esse
1947 1083 2252 1160 apparet3
2303 1093 2341 1137 e
2388 1071 2611 1160 figuris
2658 1084 2871 1140 autem
2916 1073 3267 1154 literarum,
3316 1078 3370 1143 si
3426 1078 3623 1146 modo
3670 1093 3849 1150 recte
3894 1105 4012 1152 eas
4058 1107 4326 1174 expres-

1421 1189 1504 1256 sit
1559 1187 1769 1254 editor
1831 1186 2094 1260 Gallus,
2147 1187 2354 1276 primo
2400 1188 2537 1256 fere
2584 1189 2687 1254 vel
2732 1187 2925 1256 etiam
2971 1189 3152 1256 alteri
3200 1203 3349 1258 ante
3398 1192 3717 1264 Christum
3777 1210 3995 1268 natum
4056 1205 4323 1270 saeculo

1424 1305 1677 1372 videtur
1725 1324 1876 1370 esse
1909 1302 2410 1371 adscribendus·
2501 1305 2641 1370 Jam
2688 1303 3023 1404 quaeritur
3064 1306 3323 1395 quinam
3356 1309 3588 1380 fuerint
3618 1312 3701 1379 illi
3732 1313 4060 1404 hypostoli
4090 1336 4127 1381 a
4160 1339 4324 1406 quo-

1421 1442 1558 1486 rum
1607 1419 1866 1518 synodo
1917 1419 2258 1507 quotannis
2308 1431 2705 1507 congregata
2751 1419 3071 1488 sacerdos
3118 1422 3453 1510 Sarapidis
3500 1427 3883 1494 constitutus
3940 1441 4079 1496 erat
4125 1432 4317 1499 Crito,

1419 1539 1632 1622 Ipsum
1699 1556 1934 1602 nomen
2008 1533 2184 1622 quod
2247 1545 2349 1600 est
2411 1528 2775 1610 ὑπόστολος
2828 1534 2976 1602 mihi
3035 1537 3306 1624 quidem
3370 1559 3589 1626 neque
3651 1559 3687 1606 e
3745 1544 4076 1630 scriptoris
4132 1547 4321 1614 ullius

1419 1651 1632 1718 verbis
1680 1671 1894 1739 neque
1943 1671 1980 1716 e
2029 1649 2206 1716 titulo
2258 1650 2386 1716 ullo
2435 1649 2652 1716 adhuc
2700 1651 2989 1725 innotuit,
3042 1673 3261 1759 neque
3310 1654 3605 1741 analogia
3656 1657 3927 1724 nominis
3996 1659 4173 1748 quod
4220 1675 4319 1726 est

1417 1763 1772 1842 ἀπόστολος
1829 1765 1984 1832 satis
2033 1778 2277 1832 certam
2327 1766 2691 1854 explicandi
2741 1767 2903 1834 viam
2952 1779 3313 1836 monstrare
3362 1769 3643 1851 videtur3
3692 1784 3756 1838 at
3810 1793 3959 1840 cum
4016 1795 4093 1840 ex
4174 1757 4315 1862 ip'so

1415 1885 1592 1951 titulo
1643 1884 1802 1950 satis
1851 1895 2168 1970 appareat
2213 1903 2331 1950 eos
2380 1883 2490 1972 qui
2538 1882 2663 1948 hoc
2710 1905 2947 1950 nomen
2993 1885 3375 1971 profitentur
3422 1886 3605 1952 simili
3654 1888 3787 1954 fere
3834 1911 4104 1956 munere
4138 1891 4319 1958 sunc-

1417 2014 1516 2067 tos
1563 2022 1714 2067 esse
1765 2010 1961 2088 atque
2011 2019 2128 2066 eos
2178 1999 2285 2087 qui
2336 1999 2473 2064 aliis
2520 1999 2581 2064 in
2626 1999 2789 2066 locis
2838 1995 3151 2082 ὀργεῶνες
3196 2002 3622 2089 appellantur.
3674 2005 3970 2092 quamvis
4022 2005 4321 2074 dubitan-

1415 2131 1510 2184 ter
1583 2139 1662 2183 ex
1719 2138 1798 2182 ea
1872 2137 2063 2205 quam
2115 2115 2383 2184 verbum
2432 2116 2612 2205 quod
2674 2113 2773 2182 est
2832 2111 3248 2182 ὑποστέλλειν
3302 2119 3495 2208 volgo
3558 2120 3805 2188 obtinet
3858 2119 4319 2206 significatione

1412 2230 1567 2309 τοὺς
1613 2228 2024 2308 ὑποστόλους
2069 2234 2455 2319 interpretor
2505 2233 2798 2300 homines
2847 2234 2953 2322 qui
3004 2255 3039 2300 a
3090 2233 3289 2300 rebus
3340 2235 3616 2321 publicis
3650 2235 4081 2322 omnibusque
4117 2253 4318 2321 nego—

1414 2350 1514 2423 tiis
1563 2369 1716 2414 sese
1761 2360 2174 2435 receperunt,
2227 2359 2292 2414 ut
2354 2347 2459 2414 dei
2525 2348 2795 2414 alicuius
2860 2349 3123 2416 servitio
3188 2361 3359 2416 totos
3414 2372 3487 2416 se
3550 2350 3888 2416 dederent.
3994 2347 4125 2414 Sed
4187 2371 4317 2437 quo

1416 2466 1624 2532 minus
1693 2476 1873 2530 certo
1947 2464 2030 2530 de
2081 2464 2354 2530 nominis
2403 2464 2890 2549 significatione.
2938 2450 3019 2532 ἑο
3068 2466 3310 2535 certius
3359 2465 3442 2530 de
3500 2464 3767 2530 consilio
3824 2462 4079 2549 collegii
4138 2463 4317 2552 quod

1413 2581 1806 2649 constituunt
1851 2580 2180 2672 hypostoli
2229 2591 2515 2646 statuere
2560 2579 2745 2660 licet;
2794 2582 3049 2668 spectat
3106 2583 3271 2648 enim
3320 2580 3474 2646 illud
3534 2580 3616 2646 ad
3676 2578 3869 2645 deum
3934 2576 4317 2664 Sarapidem

1417 2697 1794 2771 colendum,
1847 2697 2030 2762 cuius
2065 2695 2289 2783 religio
2326 2695 2475 2762 inde
2506 2716 2541 2762 a
2590 2696 3111 2762 Ptolomaeorum
3160 2696 3561 2783 temporibus
3596 2697 3655 2761 in
3684 2693 3970 2782 plurimis
4004 2692 4318 2759 Graeciae

1416 2813 1775 2880 civitatibus
1825 2811 2102 2898 vigebat.
2154 2810 2330 2877 velut
2357 2809 2619 2878 Athenis
2651 2818 2733 2890 (v,
2761 2814 2951 2880 Paus.
2978 2814 3023 2886 1,
3058 2811 3160 2885 18,
3209 2809 3282 2891 43
3320 2809 3601 2878 Boeckh.
3640 2810 3718 2876 ad
3748 2809 3818 2876 C.
3842 2810 3886 2874 1.
3924 2809 4029 2876 Gr.
4056 2831 4115 2876 n.
4160 2807 4315 2888 1203

1413 2928 1734 3016 Rangabis
1810 2925 2154 3016 antiquitas
2223 2925 2630 3016 helleniques
2688 2952 2749 2993 n.
2822 2927 3044 3008 109?ss
3109 2927 3169 2992 in
3234 2925 3395 2992 Delo
3468 2927 3673 2992 insula
3739 2923 3829 3010 (v.
3882 2925 3947 2990 C.
3997 2928 4043 2990 Ι.
4094 2925 4201 2989 Gr.
4250 2947 4310 2988 n.

1413 3043 1584 3110 2302
1652 3047 1799 3125 ss).
1869 3040 2288 3109 Chaeroneae
2352 3049 2435 3123 (v.
2484 3043 2728 3110 Preller
2789 3045 2845 3110 in
2908 3044 3067 3110 actis
3137 3042 3361 3108 societ.
3411 3041 3595 3108 litter.
3652 3042 3887 3108 Saxon.
3951 3040 4096 3106 anni
4153 3036 4319 3102 1854

1415 3186 1474 3248 p.
1530 3160 1655 3227 195
1707 3183 1826 3241 ss.;
1877 3158 2093 3225 Conze
2131 3168 2206 3223 et
2249 3158 2579 3225 Michaelis
2623 3159 2685 3224 in
2710 3162 2931 3225 Annal.
2962 3159 3149 3225 instit.
3183 3156 3509 3225 archaeol.
3545 3158 3667 3223 vol.
3700 3156 3968 3231 XXXIII,
3999 3177 4063 3242 p.
4099 3154 4179 3217 77
4206 3151 4312 3238 s.).

1415 3276 1740 3345 Tithorrae
1803 3275 1887 3361 (v.
1939 3272 2189 3341 Ulrichs
2254 3273 2489 3341 Reisen
2538 3274 2671 3341 und
2717 3272 3181 3361 Forschungen
3242 3274 3303 3338 in
3370 3270 3843 3339 Griechenland
3902 3268 3973 3342 ΙΙ,
4020 3290 4084 3353 p.
4140 3268 4314 3343 121),

1408 3392 1788 3461 Ambraciae
1849 3406 1934 3471 (v.
1987 3391 2053 3457 C.
2103 3393 2146 3455 l.
2199 3369 2309 3458 Gr.
2358 3414 2417 3456 n.
2472 3388 2687 3475 1800),
2736 3389 2874 3457 aliis
2935 3390 2993 3455 in
3050 3388 3323 3455 urbibus
3380 3408 3543 3476 quas
3608 3402 3993 3455 enumerare
4054 3381 4315 3467 longum

1411 3520 1530 3575 est.
1629 3508 1740 3573 Est
1794 3506 1984 3593 igitur
2030 3506 2331 3594 synodus
2378 3492 2871 3595 hypostolorurn
2919 3506 3103 3571 cuius
3153 3504 3487 3570 decretum
3534 3503 3599 3592 in
3647 3498 3865 3587 lapide
3909 3494 4315 3561 Demetriaco

1405 3624 1679 3711 legimus
1751 3623 2098 3709 collegium
2147 3623 2283 3687 si‘ve
2350 3620 2657 3687 sodalitas
2720 3621 3235 3707 Sarapiastarum
3302 3619 3383 3702 (v.
3432 3616 3501 3683 C.
3549 3619 3591 3681 l.
3645 3616 3749 3681 Gr.
3802 3637 3859 3679 n.
3918 3606 4075 3694 120)
4145 3628 4313 3696 quae

1411 3738 1753 3826 quotannis
1805 3736 1888 3805 ad
1935 3737 2166 3803 lestum
2216 3736 2321 3801 dei
2374 3736 2489 3801 rite
2536 3734 3003 3803 celebrandum
3050 3732 3377 3823 genioque
3424 3752 3544 3796 suo
3596 3726 4057 3815 indulgendum
4111 3722 4171 3789 in
4220 3722 4314 3787 sa-

1403 3878 1554 3921 num
1589 3856 1728 3921 eius
1779 3865 2228 3941 congregatur,
2283 3873 2401 3939 per
2448 3851 2763 3939 reliquum
2816 3872 2970 3917 vero
3020 3850 3164 3915 anni
3212 3861 3469 3935 tempus
3518 3842 3841 3913 sacerdoti
3892 3862 3931 3905 a
3974 3860 4050 3904 se
4084 3850 4304 3903 creato

1405 3992 1636 4037 munus
1696 3989 1884 4035 sacra
1943 3970 2070 4034 deo
2115 3967 2391 4033 faciendi
2441 3967 2667 4032 defert.
2769 3968 2863 4031 De
2926 3965 3229 4031 universa
3277 3963 3523 4030 ratione
3590 3960 3807 4037 talium
3863 3954 4305 4042 collegiorum,

1405 4086 1618 4174 qualia
1686 4085 1924 4153 amissa
1991 4081 2254 4169 publica
2303 4080 2595 4147 libertate
2644 4081 3014 4169 civiumque
3060 4078 3291 4163 animis
3336 4098 3375 4143 a
3422 4098 3639 4142 rerum
3700 4071 4105 4161 publicarum
4154 4087 4311 4133 cura

1405 4199 1487 4266 ad
1554 4220 1662 4265 res
1733 4218 1962 4265 sacras
2011 4198 2113 4263 vel
2163 4196 2446 4285 privatas
2496 4196 2821 4263 curandas
2866 4194 3206 4261 conversis
3255 4212 3374 4279 per
3428 4194 3656 4257 dmnes
3724 4188 4041 4255 Graeciae
4089 4184 4315 4252 Asiae-

1405 4338 1533 4405 que
1581 4316 1844 4381 minoris
1894 4334 2096 4403 quam
2143 4312 2366 4380 dicunt
2410 4298 2711 4400 regiones
2758 4309 3061 4377 floruisse
3108 4317 3389 4385 constat,
3437 4307 3721 4375 breviter
3762 4319 3830 4373 et
3873 4305 4033 4370 scite
4089 4312 4159 4367 ut
4204 4322 4315 4367 so-

1402 4434 1490 4499 let
1547 4431 1846 4518 exposuit
1893 4426 2389 4497 Schoemannus
2436 4426 2577 4493 libri
2626 4428 2733 4516 qui
2783 4426 3148 4493 inscribitur
3196 4421 3623 4511 ,griechische
3670 4418 4157 4493 Alterthiimer‘ss
4192 4411 4312 4478 vol.

1406 4549 1473 4627 ll,
1525 4526 1600 4634 p.
1637 4545 1783 4613 480
1833 4568 1920 4613 ss.
2015 4548 2106 4613 Ex
2154 4544 2368 4611 multis
2403 4555 2617 4609 autem
2666 4564 2835 4631 quae
2886 4551 3165 4607 aetatem
3213 4541 3490 4607 tulerunt
3534 4536 3816 4605 decretis
3864 4529 3947 4597 ab
3980 4529 4077 4596 his
4114 4527 4314 4595 colle-

1401 4662 1518 4750 giis
1567 4663 1628 4727 in
1675 4659 1996 4729 honorem
2045 4660 2445 4747 singulorum
2498 4658 2821 4725 hominum
2870 4656 3054 4723 factis
3123 4655 3266 4723 eius
3326 4657 3408 4723 de
3466 4674 3597 4741 quo
3661 4672 3781 4723 uos
3838 4646 4089 4733 agimus
4154 4638 4311 4706 tituli

1399 4779 1781 4845 simillimum
1854 4790 1956 4844 est
2013 4778 2351 4845 decretum
2426 4776 2681 4862 collegii
2732 4773 3049 4841 artificum
3094 4772 3642 4859 Dionysiaeorum
3701 4764 3917 4831 Ioniae
3978 4770 4043 4825 et
4094 4756 4313 4823 Helle·
4359 4796 4365 4809 ·

1405 4899 1620 4984 sponti
1679 4900 1820 4978 (τοῦ
1869 4900 2098 4961 κοινοῦ
2151 4898 2280 4962 τῶν
2344 4894 2482 4979 περὶ
2534 4888 2649 4959 τὸν
2698 4889 3033 4958 Διόνυσον
3076 4889 3381 4971 τεχνιτῶν
3412 4886 3541 4945 τῶν
3574 4875 3665 4945 ἐπ’
3699 4876 3939 4953 Ἰωνίας
3970 4869 4312 4951 2022.an-
