4607 6238
1539 729 1924 794 ..9..·-

283 905 374 970 ris
419 898 702 994 Lycurgi
749 895 900 964 inde
967 893 1052 962 ab
1099 913 1182 960 eo
1227 892 1532 982 Lycurgo
1577 889 1688 978 qui
1733 887 1997 977 Olymp.
2048 883 2151 964 76,
2203 885 2235 949 1
2295 885 2649 953 exercitum
2696 883 3174 950 Atheniensium

281 1021 340 1086 iu
389 1015 724 1084 Thraciam
771 1011 1043 1078 duxerat
1085 1006 1306 1097 ibique
1354 1015 1627 1072 mortem
1675 999 2080 1070 occubuerat
2145 1001 2233 1084 (v.
2279 1004 2352 1067 A.
2402 997 2730 1074 Sebaeser,
2787 997 3176 1068 Demosthe-

281 1154 402 1201 nes
447 1130 582 1198 und
631 1097 810 1196 seine
857 1125 992 1193 Zeit
1031 1125 1106 1200 Π,
1153 1143 1218 1210 p.
1267 1118 1428 1205 299)
1485 1139 1700 1208 usque
1747 1117 1830 1185 ad
1876 1115 2158 1207 Lycurgi
2203 1115 2478 1182 oratoris
2524 1113 2691 1181 filios
2738 1114 2864 1182 hoc
2910 1126 3013 1181 est
3057 1135 3179 1203 per
3249 1129 3260 1134 ·

281 1269 398 1315 sex
443 1244 769 1311 hominum
817 1251 1063 1308 aetates
1123 1237 1428 1304 continuo
1493 1232 1719 1300 ordine
1776 1232 2128 1300 deductum
2187 1229 2523 1298 exhiberet
2580 1240 2857 1320 quantae
2912 1229 3173 1296 tandem

281 1359 728 1449 magnitudinis
771 1357 976 1424 fuisse
1023 1353 1350 1442 putandus
1399 1361 1532 1428 est,
1577 1349 1632 1416 si
1677 1358 1771 1415 tot
1815 1346 2141 1414 hominum
2189 1347 2503 1434 imagines
2551 1345 2635 1414 ad
2683 1346 3015 1414 veritatem
3064 1367 3178 1412 ex-

283 1495 546 1566 pressas
591 1469 1200 1560 complectebatur?
1267 1487 1394 1534 non
1455 1485 1648 1532 unum
1703 1462 1926 1532 hercle
1983 1463 2202 1550 templi
2250 1463 2563 1550 parietem
2618 1462 2739 1529 sed
2796 1474 2993 1530 totam
3042 1463 3177 1529 cel-

281 1594 404 1659 lam
451 1608 816 1678 omnesque
863 1585 1148 1674 porticus
1195 1583 1337 1650 talis
1399 1581 1650 1670 pictura
1697 1590 2093 1667 occupasset
2134 1579 2313 1646 velut
2356 1598 2439 1644 ea
2486 1599 2616 1667 qua
2660 1579 2933 1645 Neronis
2982 1578 3179 1646 liber-

279 1720 382 1774 tus
441 1705 740 1794 publicas
803 1702 1094 1790 porticus
1157 1696 1506 1786 occupavit
1561 1695 1986 1784 gladiatorum
2041 1694 2607 1784 ministrorumque
2662 1695 2945 1762 omnium
3006 1695 3179 1761 veris

279 1819 662 1908 imaginibus
710 1817 1014 1893 redditis,
1063 1826 1132 1881 ut
1177 1815 1262 1880 ait
1305 1811 1545 1878 Plinius
1593 1833 1654 1877 n.
1703 1809 1763 1876 h.
1809 1811 2054 1883 XXXV,
2104 1810 2177 1886 7,
2229 1807 2337 1874 52.
2428 1809 2670 1876 Aeliani
2716 1821 2929 1877 autem
2975 1809 3178 1911 yerba

283 1936 443 2021 (var.
490 1933 632 2002 hist.
679 1935 804 2009 1111,
854 1929 920 2018 3)
969 1931 1207 2021 quibus
1265 1927 1533 1994 multum
1594 1925 1808 1993 tribuit
1849 1923 2113 1992 Jahnius
2169 1923 2321 1990 mihi
2368 1924 2451 1992 ad
2508 1923 2675 1992 hanc
2728 1925 3177 2014 quaestionem

287 2050 662 2118 solvendam
709 2047 944 2116 nullius
990 2047 1127 2113 fere
1175 2043 1477 2110 momenti
1527 2062 1679 2108 esse
1726 2040 2060 2108 videntur:
2110 2039 2659 2128 quemadmodum
2709 2041 2876 2107 enim
2931 2036 3010 2106 τὰ
3066 2063 3177 2124 με-

279 2161 446 2248 γάλα
491 2185 662 2254 quae
711 2165 1138 2253 Polygnotum
1189 2157 1472 2246 pinxisse
1521 2155 1672 2223 dicit
1717 2155 1997 2244 scriptor
2041 2175 2168 2221 non
2215 2153 2298 2221 ad
2349 2165 2673 2221 externam
2721 2167 2792 2221 ut
2834 2156 2918 2221 ita
2966 2156 3175 2223 dicam

283 2279 782 2368 magnitudinem
830 2297 1002 2366 quae
1047 2273 1172 2340 sub
1219 2293 1456 2340 sensus
1501 2271 1678 2338 cadit
1721 2270 1842 2336 sed
1890 2271 1973 2338 ad
2019 2271 2377 2357 argumenti
2436 2271 2811 2356 gravitatem
2860 2283 3174 2360 spectant,

282 2395 366 2461 ita
411 2393 602 2460 etiam
647 2389 728 2457 τὰ
771 2389 976 2456 τέλεια
1023 2388 1117 2473 (ἐν
1143 2395 1280 2464 τοῖς
1321 2388 1584 2468 τελείοις
1625 2380 1946 2468 εἰργάξετο
1989 2381 2072 2450 τὰ
2103 2375 2309 2470 ἆθλα)
2356 2406 2485 2452 non
2519 2385 2603 2454 de
2634 2387 2806 2453 veris
2848 2386 3173 2454 hominum

281 2510 506 2598 figuris
555 2511 676 2576 sed
726 2509 812 2575 de
859 2509 956 2574 eis
1004 2526 1176 2596 quae
1225 2506 1286 2571 in
1347 2524 1469 2570 suo
1532 2523 1776 2590 genere
1835 2499 2120 2588 perfecta
2183 2513 2333 2569 sunt
2392 2500 2827 2592 omnibusque
2892 2504 3175 2572 numeris
3226 2529 3237 2540 ’

283 2626 582 2695 absoluta
627 2661 712 2674 --
757 2622 1252 2711 ldealgestalten
1301 2631 1536 2688 vocant
1579 2629 1902 2686 nostrates
1948 2657 2032 2665 -
2078 2617 2515 2705 intellegenda
2562 2639 2715 2686 esse
2761 2631 2935 2709 puto,

459 2741 591 2808 Sed
641 2752 711 2808 ut
757 2761 836 2808 ex
883 2739 1005 2806 hac
1055 2739 1461 2827 digressione
1506 2735 1571 2802 in
1626 2735 1796 2800 viam
1839 2733 1907 2800 id
1953 2744 2058 2800 est
2111 2732 2195 2799 ad
2242 2733 2489 2800 titulum
2543 2735 3023 2803 Demetriacum
3068 2757 3175 2803 re-

281 2857 574 2945 grediar,
635 2855 720 2923 ibi
766 2856 832 2922 in
876 2856 1004 2921 fine
1049 2877 1107 2920 v.
1155 2853 1243 2917 20
1301 2850 1670 2919 dubitanter
1711 2858 1956 2915 tantum
2003 2860 2068 2913 et
2119 2850 2256 2915 fere
2301 2849 2535 2916 invitus
2580 2852 2825 2917 restitui
2871 2846 3003 2916 ὑπὸ
3046 2855 3176 2916 τῶν

283 2967 676 3056 ἐπιτρόπων,
741 2969 921 3058 quod
967 2969 1020 3034 si
1051 2989 1274 3033 verum
1323 2977 1425 3032 est
1469 2966 1535 3030 οἱ
1563 2962 1890 3048 ἐπίτροποι
1937 2963 1998 3029 in
2046 2963 2193 3030 fano
2223 2962 2555 3052 Sarapidis
2606 2967 3011 3035 Demetriaco
3060 2988 3176 3034 eo-

287 3087 436 3154 dem
467 3086 606 3153 fere
639 3105 904 3152 munere
949 3081 1336 3171 fungebatur
1366 3102 1496 3172 quo
1527 3080 1668 3148 aliis
1701 3079 1761 3146 in
1795 3079 2048 3167 templis
2081 3080 2140 3147 ei
2189 3081 2298 3170 qui
2332 3092 2645 3149 vocantur
2691 3081 2757 3147 οἱ
2782 3079 3174 3175 ἐπιμεληταί,

285 3202 410 3269 hoc
475 3200 651 3275 dico,
723 3210 794 3265 ut
849 3199 1098 3266 reditus
1157 3216 1386 3264 sacros
1451 3196 1992 3274 administrarent,
2064 3196 2418 3284 praecipue
2482 3216 2639 3264 vero
2688 3209 2755 3263 ut
2803 3197 3035 3265 diebus
3080 3196 3177 3265 fe-

281 3316 414 3399 stis⁸
457 3312 856 3406 hypostolos
907 3314 1094 3380 lautis
1159 3313 1440 3401 dapibus
1501 3310 1924 3399 excipiendos
1983 3324 2311 3378 curarent.
2411 3312 2541 3379 Sed
2601 3315 3015 3400 grammatica
3076 3326 3177 3381 to-

283 3432 408 3495 tius
453 3429 753 3497 enuntiati
815 3428 976 3496 ratio
1023 3440 1088 3495 et
1133 3429 1404 3496 aliorum
1449 3428 1774 3494 titulorum
1823 3425 2120 3514 analogia
2167 3426 2315 3491 mihi
2360 3424 2496 3492 fere
2544 3428 2944 3515 persuadent
2989 3451 3175 3518 pror-

287 3562 404 3609 sus
449 3541 622 3607 aliud
666 3543 824 3629 quid
867 3543 1016 3611 olim
1061 3542 1168 3610 hic
1227 3542 1536 3630 scriptum
1583 3542 1782 3607 fuisse
1832 3540 2010 3630 quod
2057 3540 2354 3609 facillima
2402 3543 2774 3610 coniectura
2820 3564 2946 3611 una
2994 3544 3175 3612 litera

285 3676 368 3723 ex
415 3656 510 3723 eis
556 3674 728 3743 quae
773 3655 835 3723 in
883 3657 1260 3745 apographo
1315 3666 1614 3723 servatae
1657 3666 1810 3722 suut
1867 3666 2106 3723 mutata
2163 3657 2352 3745 quasi
2408 3678 2529 3723 sua
2584 3670 2815 3746 sponte
2870 3658 3171 3727 efficitur:

283 3766 548 3837 πάντων
589 3773 724 3835 τῶν
761 3776 902 3846 τοῖς
923 3764 1308 3847 &anatol-ou,-
1335 3770 1693 3855 διδομένων
1722 3768 2235 3856 φιλανθρώπων,
2281 3792 2454 3861 quae
2488 3784 2591 3839 est
2618 3773 2889 3839 formula
2920 3774 3175 3841 dicendi

283 3886 344 3953 in
391 3885 584 3953 titulis
629 3884 986 3952 honorariis
1035 3885 1477 3968 usitatissima3
1525 3890 1606 3955 ci.
1653 3888 1722 3955 C.
1767 3889 1814 3954 1.
1864 3888 1970 3955 Gr.
2019 3912 2079 3954 n.
2129 3888 2323 3967 2270,
2376 3911 2436 3955 v.
2470 3888 2555 3954 33
2606 3912 2695 3955 s.:
2743 3893 3175 3975 συνεπιχωρῆ-

281 4018 394 4067 σαι
423 4007 572 4077 ,τοῖς
615 3998 1075 4085 ἐψηφισμένοις
1119 3996 1440 4091 Εὐβούλῳ
1491 4000 2038 4086 φιλανθρώποις;’
2077 4004 2234 4070 ibid.
2281 4026 2345 4071 n.
2394 4002 2567 4069 3045
2586 4056 2601 4081 ,
2652 4026 2707 4073 v.
2758 4005 2835 4071 21
2890 4026 3013 4073 sa:
3068 4006 3169 4071 καὶ

280 4112 360 4181 τά
403 4136 472 4183 τε
518 4114 606 4190 εἰς
649 4112 765 4181 τὸν
807 4111 972 4181 θεὸν
1013 4116 1194 4199 τίμια
1233 4117 1342 4181 καὶ
1386 4112 1466 4183 τὰ
1511 4118 1604 4193 εἰς
1652 4112 1825 4201 ὑμᾶς
1879 4114 2315 4203 φιλάνθρωπα
2359 4115 2798 4204 πειρασόμεθα
2850 4116 3174 4187 cavana&-

285 4230 446 4309 ξεινς
495 4229 582 4296 ib.
615 4251 674 4295 n.
725 4227 898 4295 3046
930 4253 988 4297 v.
1022 4232 1061 4296 7
1095 4253 1182 4299 S.:
1229 4231 1336 4297 καὶ
1377 4229 1460 4298 τὰ
1503 4234 1884 4318 ψαφίσματα
1927 4231 2008 4299 τὰ
2052 4233 2369 4320 πρότερον
2409 4231 2719 4319 γεγονότα
2766 4232 2987 4313 αὐτοῖς
3028 4236 3175 4322 περὶ

280 4342 542 4413 πάντων
585 4346 716 4409 τῶν
759 4342 1243 4431 φιλανθρώπων
1269 4345 1604 4434 κάτίιμονα
1637 4345 1834 4432 elwa
1883 4348 2208 4437 Rangabis
2253 4363 2381 4420 ant.
2412 4351 2561 4419 hell.
2596 4375 2655 4419 n.
2692 4350 2841 4429 503.
2876 4376 2934 4420 v.
2966 4352 3011 4418 8
3044 4376 3170 4423 ss:

279 4460 390 4527 καὶ
434 4454 746 4545 ὑπάρχειν
791 4454 968 4549 αὐτῷ
1011 4456 1221 4527 πάντα
1263 4460 1344 4529 τὰ
1387 4462 1554 4531 καλὰ
1597 4464 1706 4531 καὶ
1749 4460 2192 4550 φιλάνθρωπα
2247 4463 2547 4551 καθάπερ
2600 4467 2705 4533 καὶ
2761 4474 2899 4545 τοῖς
2954 4466 3175 4545 ἄλλοις

275 4574 634 4659 προξένοις.
725 4578 822 4645 De
868 4576 1134 4666 reliquis
1177 4578 1338 4647 tituli
1380 4583 1764 4650 Demetriaci
1811 4584 2026 4651 verbis
2079 4582 2234 4649 nihil
2281 4582 2493 4651 habeo
2543 4583 2721 4673 quod
2768 4582 3007 4652 addam
3050 4584 3171 4651 nisi

277 4692 404 4761 hoc
455 4716 512 4759 v.
563 4691 648 4759 25
695 4716 748 4760 s.
811 4714 936 4762 non
999 4714 1270 4785 prorsus
1317 4708 1492 4762 certa
1548 4719 1698 4765 esse
1759 4720 1928 4789 quae
1993 4699 2144 4768 dedi
2201 4694 2409 4765 αὐτοῦ
2462 4696 2533 4764 δὲ
2588 4711 2655 4765 et
2715 4696 3173 4785 ἐκιγραφέσθω

286 4816 528 4903 quippe
577 4838 850 4907 quorum
899 4818 960 4885 in
1005 4819 1223 4887 locum
1271 4818 1660 4887 substituere
1707 4822 1898 4891 liceat
1941 4822 2013 4890 ἐν
2055 4813 2110 4912 ᾧ
2155 4836 2230 4891 et
2264 4821 2714 4909 ἐπιγραφῆναι.

2855 5139 2865 5152 Ι
