4607 6238
1701 697 1912 759 7-,

273 855 556 924 σπόντου
599 858 706 923 καὶ
747 859 880 921 τῶν
923 857 1062 939 περὶ
1111 852 1226 920 τὸν
1267 851 1687 939 καθηγεμόνα
1735 851 2092 941 Διόνυσον)
2151 857 2210 922 in
2259 855 2575 926 honorem
2604 859 2901 926 Cratonis
2934 860 3177 928 Zotichi

273 975 379 1042 fflii
419 969 694 1042 tibicinis
738 973 798 1039 in
843 973 1006 1040 Delo
1037 972 1246 1040 insula
1275 983 1360 1038 -et
1404 969 1516 1036 Tei
1563 972 1624 1038 in
1669 972 1920 1039 theatro
1969 971 2248 1059 positum
2297 972 2394 1058 (C.
2444 975 2489 1039 1.
2518 975 2623 1041 Gr.
2650 997 2711 1040 n.
2738 973 2957 1057 3067),
3007 997 3174 1065 quo·-

272 1111 420 1158 cum
465 1088 832 1157 Boeckhius
879 1087 1250 1176 composuit
1292 1086 1417 1153 alia
1465 1085 1790 1175 quaedam
1841 1087 2104 1154 decreta
2149 1086 2330 1168 (ibid.
2380 1111 2441 1154 n.
2474 1085 2653 1154 3068
2692 1101 2759 1156 et
2798 1087 2995 1175 3096)
3031 1092 3175 1181 qui-

276 1208 402 1275 bus
451 1205 622 1271 idem
669 1203 764 1269 vir
807 1202 1085 1291 publicis
1131 1201 1491 1270 honoribus
1539 1201 1814 1268 afficitur
1865 1202 1950 1270 ab
2013 1202 2250 1270 eodem
2314 1201 2592 1289 collegio
2657 1216 2723 1273 et
2778 1225 2815 1272 a
2881 1207 3202 1294 collegiis

279 1322 842 1412 synagonistarum
893 1315 1008 1407 (τῷ
1027 1321 1230 1406 κοινῷ
1251 1321 1386 1384 τῶν
1421 1317 1964 1405 συναγωνιστῶν),
2005 1318 2323 1386 artificum
2353 1317 2569 1386 Isthmi
2604 1331 2671 1386 et
2700 1322 2987 1388 Nemeae
3022 1316 3177 1406 (τῶν

276 1435 350 1502 ἐν
395 1431 628 1522 Ἰσθμῷ
685 1433 790 1500 καὶ
849 1431 1068 1522 Νεμέᾳ
1127 1436 1459 1517 τεχνιτῶν)
1518 1444 1583 1498 et
1639 1433 2067 1500 Attalistarum
2132 1431 2284 1520 (τῶν
2341 1428 2811 1516 Ἀτταλιστῶν);
2876 1436 2959 1502 ad
3012 1434 3176 1502 haec

275 1571 428 1617 vero
484 1551 778 1638 proxime
825 1549 1082 1616 accedit
1126 1547 1342 1615 titulus
1389 1569 1602 1636 nuper
1647 1547 1832 1635 Argis
1881 1557 2180 1636 repertus
2228 1569 2361 1637 quo
2408 1550 2775 1618 continetur
2834 1552 3172 1617 decretum

272 1665 528 1753 collegii
590 1663 902 1732 artificum
948 1664 1488 1755 Dionysiacorum
1547 1684 1630 1730 ex
1675 1662 1914 1730 Isthmo
1961 1675 2028 1730 et
2072 1665 2319 1730 Nemea
2366 1669 2573 1752 Argos
2632 1675 3174 1753 congregatorum

277 1785 416 1861 [τοῦ
459 1783 686 1845 κοινοῦ
733 1783 862 1846 τῶν
905 1779 1047 1864 περὶ
1093 1777 1211 1846 τὸν
1257 1776 1594 1845 Διόνυσον
1637 1782 1950 1863 τεχνιτῶν·
1979 1781 2111 1844 τῶν
2153 1778 2218 1858 ἐξ
2271 1775 2541 1864 Ἰσθμοῦ
2593 1779 2701 1845 καὶ
2757 1777 3011 1863 Νεμέας
3064 1782 3179 1863 τῆς

185 1979 200 1992 .
275 1896 346 1960 ἐν
381 1893 606 1980 Ἀργει
661 1893 1066 1981 συναγωγῆς)
1123 1896 1186 1962 in
1245 1895 1558 1963 honorem
1607 1895 1884 1962 Zenonis
1943 1894 2341 1962 Hecatodori
2388 1894 2491 1961 filii
2544 1896 2755 1982 Argivi
2816 1897 2904 1978 (v.
2955 1895 3175 1962 Annal.

273 2013 416 2078 inst.
464 2011 640 2079 arch.
689 2013 816 2078 vol.
865 2013 1142 2088 XXXIII.
1194 2033 1256 2098 p.
1309 2008 1434 2097 17).
3151 2005 3157 2029 ¹

401 2130 541 2194 Jam
573 2139 644 2194 ut
663 2124 758 2196 'de
791 2127 1059 2216 singulis
1089 2125 1248 2193 tituli
1279 2127 1664 2194 Demetriaci
1699 2124 1914 2195 verbis
1945 2147 1986 2194 a
2024 2147 2131 2193 me
2161 2126 2463 2193 restitutis
2494 2124 2725 2202 dicam,
2760 2126 3007 2214 primus
3036 2127 3177 2194 eius

273 2264 502 2310 versus
535 2245 909 2310 coniectura
941 2241 1186 2331 expleri
1229 2243 1454 2332 nequit
1491 2243 1642 2332 quia
1674 2243 1872 2330 patris
1906 2244 1982 2308 M.
2017 2229 2172 2310 Stati
2204 2263 2440 2309 nomen
2474 2243 2651 2332 quod
2684 2243 2826 2310 sine
2859 2242 3059 2310 dubio
3090 2243 3176 2310 ibi

275 2359 553 2446 positum
585 2370 725 2424 erat
755 2359 1101 2425 nescimus,
1139 2361 1208 2425 V.
1234 2355 1278 2422 4
1309 2381 1460 2424 num
1493 2358 1803 2446 scriptum
1833 2359 2022 2424 fuerit
2052 2356 2115 2423 id
2150 2357 2331 2447 quod
2362 2379 2489 2442 ego
2520 2358 2710 2445 posui
2744 2353 3063 2444 ἱερωσύνῃ
3096 2379 3175 2424 an

275 2473 452 2562 quod
485 2484 550 2540 et
581 2487 848 2563 propter
880 2494 1147 2540 sensum
1179 2485 1244 2540 et
1274 2487 1543 2563 propter
1580 2474 1904 2540 literarum
1943 2495 2278 2540 numerum
2324 2472 2559 2541 eodem
2593 2474 2731 2541 iure
2762 2475 2979 2541 locum
3010 2474 3179 2541 obti-

273 2603 381 2656 net
425 2591 695 2679 ἱερητείᾳ
743 2591 825 2678 (v.
863 2591 928 2658 C.
965 2594 1010 2658 1.
1047 2592 1152 2657 Gr.
1190 2615 1249 2657 n.
1284 2587 1478 2667 2656,
1528 2613 1585 2657 v.
1621 2590 1665 2656 5
1711 2603 1777 2658 et
1821 2592 1905 2658 de
1951 2590 2158 2658 verbo
2207 2591 2385 2680 quod
2421 2602 2521 2657 est
2550 2585 2897 2674 ἱερητεύειν
2928 2589 3081 2658 ibid.
3114 2614 3173 2657 n.

279 2705 464 2785 1603,
499 2729 558 2772 v.
591 2705 668 2787 63
719 2707 907 2785 1725,
941 2731 1003 2774 ν.
1037 2707 1112 2787 2;
1169 2707 1372 2787 1775;
1421 2705 1672 2774 Ulrichs
1703 2706 1940 2773 Reisen
1971 2705 2103 2774 und
2137 2705 2605 2794 Forschungen
2636 2707 2722 2785 11,
2756 2729 2819 2794 p.
2862 2705 2983 2772 125
3015 2705 3177 2794 εε.*)

271 2823 406 2890 aiiis
456 2821 938 2890 diiudicandum
983 2823 1300 2912 relinquo.
1394 2825 1464 2888 V.
1511 2820 1552 2885 6
1599 2821 1668 2888 id
1715 2821 1893 2911 quod
1941 2821 2094 2890 dedi
2142 2824 2432 2906 σπουδῆς
2475 2823 2809 2916 sumpsi¹e
2858 2822 2926 2890 C.
2974 2825 3021 2890 l.
3068 2823 3174 2890 Gr.

273 2963 332 3004 n.
369 2936 574 3014 3069,
623 2961 684 3004 v.
719 2939 802 3002 75
850 2937 960 3003 ubi
1018 2937 1252 3024 legitur
1297 2937 1592 3019 σπουδῆς
1647 2937 1754 3002 καὶ
1801 2938 2168 3021 φιλοτιμίας
2221 2934 2429 3003 οὐθὲν
2480 2935 2914 3021 mmmm),
2964 2959 3177 3028 neque

275 3073 507 3121 vereor
583 3074 664 3119 ne
734 3051 878 3142 quis
956 3053 1129 3118 malit
1197 3052 1487 3121 scribere
1553 3050 1847 3138 δαπάνης
1913 3076 1951 3123 e
2021 3055 2091 3122 C.
2155 3056 2200 3121 l.
2259 3054 2368 3123 Gr.
2440 3077 2501 3121 n.
2554 3051 2727 3121 3068
2753 3051 2803 3094 ¹³·
2860 3077 2917 3121 v.
2966 3052 3009 3118 9
3070 3054 3175 3122 ubi

275 3182 374 3237 est
443 3166 590 3233 οὔτε
665 3163 958 3252 δαπάνης
1025 3165 1174 3234 οὔτε
1249 3172 1616 3254 φιλοτιμίας
1689 3166 1896 3237 οὐθὲν
1971 3169 2293 3238 ἐλλείπων.
2389 3176 2459 3238 V.
2510 3172 2548 3235 7
2626 3182 2807 3238 certa
2886 3184 2952 3237 ut
3027 3171 3175 3238 mibi

278 3284 506 3351 videor
577 3284 950 3350 coniectura
1019 3281 1083 3350 id
1157 3284 1338 3372 quod
1403 3284 1854 3374 apographum
1931 3284 2191 3352 exhibet
2247 3287 2736 3350 EAAEIIION
2803 3288 3035 3353 mutavi
3116 3289 3175 3353 in

274 3397 593 3475 ἐλλείπων,
670 3398 1225 3488 quemadmodum
1281 3410 1348 3465 et
1394 3422 1452 3467 v,
1499 3399 1542 3464 8
1599 3400 1843 3467 restitui
1907 3396 2319 3483 θεραπεύσας
2380 3410 2445 3465 et
2495 3404 2942 3484 μεγαλομερῶς
2994 3403 3211 3491 quod,

280 3508 656 3577 adverbium
717 3529 779 3580 et
846 3518 1024 3605 apud
1089 3516 1432 3608 Poiybium
1479 3518 1778 3606 aliosque
1823 3518 2178 3604 scriptores
2225 3518 2370 3585 aevi
2417 3518 2683 3585 Romani
2752 3531 2816 3585 et
2874 3518 2933 3584 in
2982 3518 3173 3584 titulis

279 3626 603 3692 nonnullis
671 3628 932 3713 legitur:
991 3634 1070 3697 cf.
1135 3632 1459 3720 Rangabis
1523 3645 1650 3700 ant.
1713 3634 1860 3702 bell.
1921 3656 1980 3701 n.
2030 3633 2194 3710 812,
2245 3655 2302 3699 v.
2360 3633 2466 3714 193
2516 3656 2579 3699 n.
2626 3632 2793 3711 813,
2840 3656 2899 3699 v.
2949 3632 3060 3709 38,
3112 3656 3170 3699 n.

275 3736 482 3816 2276,
535 3760 589 3804 v.
637 3740 698 3806 4.
797 3746 866 3809 V.
915 3742 956 3807 9
1003 3744 1069 3810 id
1115 3748 1292 3833 quod
1339 3748 1491 3815 dedi
1545 3748 1926 3831 προαίρεσιν
1969 3770 2100 3815 non
2163 3768 2435 3836 prorsus
2499 3760 2747 3815 certum
2813 3769 2965 3815 esse
3032 3747 3173 3835 ipse

277 3856 605 3941 intelieg03
667 3858 788 3959 sed
851 3860 1122 3946 praetuli
1185 3860 1309 3927 hoc
1365 3863 1424 3928 ei
1495 3864 1674 3950 quod
1721 3865 2036 3931 sententia
2085 3866 2327 3953 pariter
2372 3864 2641 3932 admittit
2682 3858 2985 3928 διάθεσιν
3040 3874 3171 3930 tum

273 3982 542 4059 propter
593 3972 916 4039 literarum
979 3994 1320 4041 numerum
1364 3989 1498 4043 tum
1543 3990 1811 4064 propter
1857 3980 2126 4045 similem
2175 3980 2320 4047 eius
2382 3980 2563 4047 vocis
2620 4000 2805 4045 usum
2869 3979 2929 4044 in
2976 3980 3167 4045 titulis

269 4086 443 4153 haud
490 4088 956 4177 infrequentem
1003 4090 1188 4157 cuius
1235 4092 1536 4180 exempla
1581 4094 1847 4161 contulit
1891 4094 1960 4161 C.
1994 4096 2234 4161 Keilius
2283 4096 2347 4161 in
2390 4093 2941 4161 commentatione
2972 4115 3167 4181 quam

279 4204 362 4269 de
407 4204 612 4271 tribus
659 4205 1176 4292 inscriptionibus
1224 4207 1612 4276 Thessalicis
1663 4209 1866 4277 edidit
1909 4233 1974 4298 p.
2027 4211 2143 4277 11:
2203 4221 2268 4277 at
2326 4210 2445 4277 nisi
2495 4208 2895 4277 obstitissent
2950 4210 3170 4276 literae

273 4321 450 4383 ΣΙΝ
497 4319 670 4387 initio
717 4342 774 4385 v.
831 4320 910 4385 10
954 4335 1249 4393 servatae
1297 4325 1712 4414 scripsissem
1757 4321 2266 4411 καλοκάγαθίαν,
2318 4324 2869 4415 quemadmodum
2933 4324 2991 4389 in
3050 4323 3168 4390 de-

371 4552 380 4565 ,
413 4500 460 4569 *)
497 4486 658 4553 Aliud
699 4503 1004 4565 exemplum
1045 4518 1171 4555 usus
1208 4506 1399 4557 literae
1447 4522 1482 4569 η
1531 4507 1690 4557 latius
1731 4510 1962 4571 patentis
2002 4507 2224 4570 praebet
2265 4506 2317 4555 id
2355 4504 2497 4569 quod
2526 4510 2609 4554 est
2634 4497 2898 4569 οἱνήλωμα
2930 4504 2983 4552 in
3014 4504 3169 4553 titulo

267 4592 612 4642 Demetriaco
651 4592 825 4643 attero
855 4592 970 4642 ιι.

407 4680 480 4745 “J
521 4680 600 4733 Cf.
639 4682 804 4731 etiam
845 4681 1117 4747 Rangabis
1155 4688 1264 4731 ant.
1305 4683 1432 4733 heu.
1470 4700 1522 4735 n.
1565 4664 1777 4745 703‚‘v.
1817 4692 1846 4737 9
1888 4700 1968 4737 s.:
2009 4682 2256 4742 σπονδᾶς
2294 4680 2388 4734 καὶ
2438 4680 2745 4747 φιλονικίας
2782 4680 2934 4746 (fort.
2971 4682 3169 4745 φιλοτι-

269 4768 396 4831 μίας
431 4770 448 4835 )
487 4764 702 4839 οὖθ[ὲν]
745 4762 1089 4831 ἐλλείποντες,
1127 4777 1182 4821 et
1221 4772 1413 4835 Ussing
1450 4774 1832 4838 inscriptiones
1869 4788 2096 4837 graecae
2133 4774 2371 4823 ineditae
2410 4787 2459 4823 n.
2504 4778 2565 4823 17
2608 4770 2789 4835 (quem
2817 4770 3031 4819 titulum
3072 4770 3167 4819 ite·

276 4870 400 4907 rum
435 4862 718 4924 exscripsit
755 4862 820 4911 11.
859 4861 1042 4921 Barth,
1083 4862 1245 4911 Reise
1282 4861 1456 4911 durch
1494 4860 1588 4912 das
1627 4864 1824 4912 iuuere
1873 4864 1971 4912 der
2021 4862 2423 4925 Europiischen
2476 4860 2679 4912 Tiirkei
2720 4872 2770 4923 p.
2814 4856 2951 4919 1316)
3002 4870 3053 4906 v-
3094 4864 3163 4909 9:

268 4942 538 5015 anovdr‘n
572 4948 660 4997 καὶ
699 4949 1009 5014 φιλοτιμίας
1045 4946 1380 5015 (φιλοξενίας
1415 4949 1603 5017 Barth)
1641 4943 1832 5019 ecastr
1867 4944 2157 5013 salsarum}
2906 4938 2911 4947 ’
