4607 6238
2689 742 2758 749 --
2857 707 2939 770 12
3036 743 3105 752 -..

1435 865 1634 932 fuisse
1693 857 2242 946 πολιτοφύλακας,
2316 883 2449 952 quo
2508 864 2767 932 nemine
2828 865 3117 934 summos
3179 867 3591 956 magistratus
3650 871 3915 940 Larisae
3976 879 4335 965 appellatos

1437 1001 1590 1048 esse
1645 989 1899 1046 constat
1951 997 2034 1046 ex
2097 979 2352 1046 Aristot.
2410 979 2585 1066 polit.
2644 983 2725 1056 V,
2774 977 2815 1046 6
2864 979 2951 1067 (p.
3005 979 3149 1060 136,
3217 981 3299 1046 25
3358 981 3561 1048 Bekk.
3626 985 3779 1054 edit.
3840 989 4017 1077 min.)
4080 1015 4339 1085 quoque

1435 1095 1626 1162 etiam
1686 1094 1844 1162 alias
1905 1093 2194 1160 civitates
2257 1094 2663 1182 magistratus
2710 1095 3033 1185 quosdam
3094 1097 3397 1164 militares
3444 1100 3819 1187 appellasse
3882 1125 3965 1174 ex
4010 1108 4107 1176 eia
4156 1112 4334 1178 colli-

1437 1231 1556 1298 gas
1601 1229 1772 1299 quae
1815 1208 1991 1276 idem
2036 1209 2409 1276 Aristoteles
2456 1211 2714 1298 scripsit
2759 1212 2935 1299 polit.
2980 1214 3051 1291 11,
3100 1211 3147 1278 8
3190 1211 3281 1300 (p.
3328 1212 3435 1290 41,
3470 1214 3557 1280 24
3602 1215 3749 1302 ss.):
3799 1214 4051 1306 ἀνάγκη
4092 1194 4226 1309 γὰρ
4266 1225 4330 1292 ἐκ

1436 1329 1566 1390 τῶν
1607 1321 1688 1390 τὰ
1733 1321 1900 1390 ὅπλα
1958 1319 2236 1408 ἐχόντων
2279 1325 2721 1390 καθίστασθαι
2762 1325 2868 1392 καὶ
2926 1324 3321 1411 emmenrode
3362 1328 3471 1394 καὶ
3512 1329 4035 1416 πολιτοφύλακας
4072 1339 4183 1406 καὶ
4227 1337 4334 1418 τὰς

1435 1439 1830 1526 κυριωτάτας
1862 1435 2062 1525 ἀρχὰς
2091 1436 2180 1517 ὣς
2209 1442 2427 1508 εἰπεῖν.
2491 1443 2690 1510 Simili
2736 1445 3217 1532 magistratuum
3264 1446 3523 1512 nomine
3570 1447 3761 1514 etiam
3797 1449 4327 1524 Thessalonicen-

1439 1563 1556 1624 ses'
1595 1557 1964 1636 utebantur,
2038 1556 2215 1644 apud
2262 1579 2430 1646 quos
2476 1579 2593 1624 sex
2636 1554 3013 1643 πολιτάρχαι
3056 1559 3150 1628 rei
3198 1559 3498 1646 publicae
3545 1561 4087 1632 administrandae
4134 1590 4327 1655 prae-

1438 1685 1647 1742 erant:
1695 1697 1754 1740 v.
1789 1671 1858 1740 C.
1892 1675 1935 1738 1.
1978 1672 2086 1740 Gr.
2119 1697 2178 1740 n.
2219 1670 2385 1738 1967
2434 1674 2537 1755 (cf.
2586 1673 2887 1742 addenda
2934 1675 3058 1742 vol.
3084 1677 3155 1751 ΙΙ,
3207 1697 3271 1762 p.
3303 1673 3481 1756 990);
3548 1679 3703 1744 Acta
3750 1691 3957 1766 apost.
4003 1683 4101 1756 17,
4148 1679 4221 1764 63
4270 1683 4327 1748 8.

1437 1792 1568 1856 lam
1616 1811 1762 1856 cum
1811 1810 2048 1856 nomen
2093 1789 2283 1856 unius
2332 1810 2411 1857 ex
2452 1788 2549 1858 his
2597 1789 2979 1858 custodibus
3025 1789 3223 1867 urbis,
3272 1791 3577 1872 Demetrii
3624 1793 3873 1859 Nicolai
3914 1793 4065 1876 fili-i,
4110 1795 4209 1864 bis
4238 1798 4328 1865 le·-

1438 1916 1624 1992 g'atur
1681 1907 1741 1972 in
1787 1905 1966 1972 titulo
2028 1905 2435 1972 Demetriaco
2498 1904 2586 1987 (v.
2634 1905 2675 1968 2
2720 1916 2786 1972 et
2831 1928 2889 1971 v.
2942 1903 3078 1992 10),
3128 1917 3401 1994 apparet
3444 1907 3837 1996 reliquorum
3900 1933 4167 2001 quoque
4218 1913 4325 2002 qui

1437 2021 1562 2090 hoc
1610 2021 1876 2088 decreto
1937 2020 2280 2088 laudantur
2328 2021 2607 2088 virorum
2670 2021 2925 2088 nomina
2972 2019 3071 2088 bis
3118 2022 3331 2109 posita
3376 2022 3611 2090 fuisse:
3682 2025 3955 2112 primum
4018 2026 4079 2094 in
4126 2028 4331 2094 fronte

1437 2137 1622 2214 tituli,
1685 2137 2048 2225 praemisso
2096 2147 2339 2202 tantum
2387 2115 2645 2204 nomine
2693 2136 2963 2204 civitatis
3012 2157 3049 2204 a
3095 2159 3229 2227 >qua
3274 2137 3559 2206 honores
3606 2140 4045 2220 conseruntur,
4104 2143 4333 2210 iterum

1436 2255 1593 2344 ipsis
1643 2254 1888 2321 decreti
1933 2251 2148 2318 verbis
2195 2251 2591 2338 interposita.
2684 2251 2841 2318 Cum
2868 2273 3025 2320 vero
3073 2274 3193 2340 per
3224 2274 3299 2320 se
3332 2254 3671 2321 verisimile
3704 2255 3807 2332 sit,
3858 2267 4135 2345 utroque
4182 2257 4329 2324 loco

1437 2371 1692 2438 nomina
1737 2368 1975 2436 eodem
1997 2368 2226 2436 ordine
2271 2367 2471 2434 fuisse
2518 2368 2761 2454 posita,
2810 2367 3257 2457 apographum
3298 2369 3475 2458 quod
3508 2381 3813 2440 accurate
3859 2371 4135 2440 imitatus
4186 2396 4329 2440 sum

1438 2485 1723 2554 indicare
1767 2484 2022 2551 videtur
2065 2504 2202 2550 rem
2249 2482 2434 2549 aliter
2477 2501 2553 2548 se
2598 2481 2939 2564 habuisse;
2988 2504 3137 2550 nam
3184 2504 3331 2550 cum
3380 2485 3521 2552 eius
3566 2487 3674 2574 qui
3722 2509 3893 2556 nunc
3942 2489 4183 2575 primus
4232 2459 4331 2554 est

1437 2622 1664 2668 versus
1713 2599 1974 2667 dimidia
2020 2619 2172 2695 pars
2219 2617 2431 2666 vacua
2473 2598 2697 2666 relicta
2740 2599 2854 2675 sit.
2928 2600 3115 2666 nullis
3162 2599 3487 2668 literarum
3534 2603 3817 2688 vestigiis
3864 2598 4131 2680 notam,
4199 2605 4328 2669 De-

1437 2717 1698 2783 metrius
1745 2715 1854 2804 qui
1909 2713 2066 2780 infra
2115 2713 2198 2796 (v.
2254 2713 2363 2796 10)
2423 2713 2691 2781 alterum
2740 2715 2902 2780 inter
2945 2715 3462 2806 politophylacas
3524 2717 3739 2784 locum
3784 2717 4053 2794 obtinet,
4126 2739 4323 2805 supra

1319 2814 1338 2830 ‘
1438 2832 1525 2915 (v.
1557 2832 1623 2910 2)
1655 2851 1888 2918 agmen
1933 2847 2160 2896 eorum
2209 2828 2474 2898 duxisse
2522 2829 2903 2898 statuendus
2950 2841 3081 2912 est3
3152 2831 3269 2898 nisi
3301 2831 3463 2898 forte
3508 2831 3814 2899 conicere
3846 2832 4011 2910 licet,
4048 2853 4323 2900 vacuum

1434 2948 1592 3024 illud
1636 2946 1910 3034 spatium
1957 2966 2040 3012 ex
2084 2965 2307 3014 errore
2354 2945 2494 3014 eius
2542 2947 2650 3035 qui
2694 2945 2943 3012 titulum
2989 2967 3026 3015 e
3059 2947 3277 3036 lapide
3310 2947 3650 3036 exscripsit
3678 2958 3884 3015 ortum
3918 2969 4089 3026 esse,
4138 2950 4321 3038 quod

1438 3065 1491 3131 si
1537 3063 1878 3141 sumimus,
1935 3073 2084 3131 ante
2130 3063 2525 3132 Demetrium
2570 3083 2631 3129 v.
2688 3062 2718 3127 1
2770 3060 3155 3131 Archedemi
3200 3063 3436 3131 Cratini
3488 3063 3592 3133 filii
3642 3085 3875 3135 nomen
3920 3086 3961 3133 e
3997 3087 4056 3133 v.
4094 3063 4178 3131 10
4222 3085 4331 3132 re-

1437 3180 1605 3248 stitui
1665 3191 1900 3267 potest.
2007 3178 2416 3247 Censuerunt
2476 3190 2690 3245 autem
2752 3176 3033 3245 honores
3096 3177 3219 3243 illis
3284 3179 3717 3247 conferendos
3776 3181 4093 3249 sacerdos
4160 3180 4333 3247 Iovis

1434 3295 1730 3379 Acraei*)
1779 3295 1964 3363 cuius
2009 3295 2319 3382 templum
2366 3294 2428 3360 in
2474 3314 2727 3363 summo
2777 3293 3015 3390 yertice
3072 3294 3304 3361 montis
3366 3294 3522 3363 Pelii
3584 3314 3785 3381 supra
3845 3292 4325 3361 Demetriadem

1433 3412 1624 3477 situm
1668 3409 1751 3477 ab
1799 3410 1987 3477 huius
2033 3408 2214 3477 urbis
2261 3410 2488 3479 incolis
2534 3409 2837 3499 singulari
2882 3408 3195 3496 religione
3240 3409 3581 3477 colebatur
3624 3409 3727 3489 (cf.
3776 3407 4081 3494 descript.
4116 3404 4327 3473 Grae-

1437 3528 1576 3594 ciae
1621 3548 1791 3616 quae
1840 3527 2034 3615 volgo
2079 3525 2460 3593 Dicaearchi
2508 3544 2742 3593 nomen
2790 3544 2947 3613 prae
2992 3544 3069 3592 se
3113 3525 3235 3593 fert
3276 3526 3501 3613 fragm.
3532 3526 3603 3603 ΙΙ,
3636 3523 3679 3589 8
3712 3524 3773 3590 in
3807 3520 4173 3613 Geograph.
4207 3518 4317 3585 Gr.

1436 3642 1660 3709 minor.
1709 3644 1816 3709 ed.
1866 3641 1934 3710 C.
1981 3642 2208 3709 Miiller
2251 3641 2376 3707 vol.
2425 3644 2469 3716 Ι,
2519 3664 2583 3729 p.
2636 3641 2810 3725 107),
2860 3642 3218 3709 communis
3266 3652 3529 3729 praetor
3574 3634 3639 3722 (ὁ
3682 3634 3903 3711 κοινὸς
3942 3628 4327 3718 στρατηγός)

1436 3758 1472 3822 i.
1523 3776 1581 3825 e.
1627 3778 1919 3825 summus
1965 3758 2158 3825 totius
2205 3760 2568 3845 Magnetum
2616 3756 2823 3843 gentis
2870 3756 3019 3835 dux,
3069 3756 3254 3825 cuius
3300 3776 3531 3823 munus
3577 3753 3748 3823 idem
3796 3772 3947 3820 esse
4012 3762 4165 3837 puto
4230 3762 4330 3816 at-

1574 4042 1621 4108 '')
1658 4043 1804 4093 Iovis
1839 4039 2036 4092 Acraei
2073 4054 2272 4092 nomen
2312 4054 2375 4092 ex
2408 4042 2510 4091 hoc
2536 4046 2593 4092 et
2627 4042 2798 4092 altero
2836 4042 2903 4093 de
2940 4056 3047 4107 quo
3079 4042 3335 4106 deinceps
3374 4042 3550 4092 dicam
3580 4040 3737 4090 titulo
3775 4036 4171 4091 restituendum
4208 4052 4331 4089 esse

1435 4134 1602 4185 etiam
1639 4134 1694 4183 in
1729 4130 2048 4181 Dicaearchi
2085 4132 2178 4194 qui
2216 4130 2418 4181 dicitur
2454 4130 2760 4197 fragmento
2804 4146 2903 4196 pro
2932 4144 2999 4183 eo
3036 4132 3181 4197 quod
3220 4132 3388 4182 codex
3426 4130 3650 4195 praebet
3684 4128 3821 4189 Διὸς
3850 4122 4081 4181 durator
4118 4128 4333 4179 intelle-

1434 4222 1513 4271 xit
1545 4222 1650 4271 iam
1686 4218 1952 4270 Mezieres
1989 4216 2277 4285 (memoire
2314 4234 2368 4283 p.
2398 4228 2498 4273 118
2538 4238 2608 4265 =
2644 4221 2893 4271 archives
2931 4235 2982 4285 p.
3008 4218 3151 4286 266),
3193 4221 3437 4285 pluribus
3476 4220 3657 4269 verbis
3694 4220 3943 4282 exposuit
3976 4218 4034 4269 B.
4076 4219 4233 4269 Stark
4272 4220 4333 4269 in

1437 4308 1704 4360 Gen-hardi
1742 4306 1913 4356 Diarii
1965 4306 2305 4373 archaeolog.
2343 4309 2470 4358 anni
2524 4316 2657 4362 1859
2698 4324 2749 4359 ιι.
2792 4314 2923 4372 128,
2967 4295 3110 4365 129!
3138 4322 3191 4375 p.
3230 4316 3295 4361 89
3349 4323 3439 4365 ss„
3484 4322 3658 4372 neque
3706 4307 3873 4357 ullam
3920 4308 4037 4357 veri
4088 4308 4331 4369 speciem

1435 4396 1637 4447 habere
1684 4396 1816 4445 mihi
1865 4394 2082 4446 videtur
2121 4394 2396 4448 Welckeri
2443 4398 2629 4461 opinio
2674 4398 2765 4462 qui
2818 4398 2871 4448 iu
2928 4398 3167 4449 eiusdem
3218 4394 3376 4449 diarii
3426 4411 3472 4447 a.
3514 4400 3647 4450 1860
3686 4410 3739 4447 n.
3779 4402 3897 4447 188.
3942 4402 4042 4446 134
4079 4408 4131 4459 p.
4178 4403 4241 4445 14
4281 4407 4331 4440 s.

1435 4484 1596 4535 deum
1634 4484 1689 4534 in
1730 4485 1940 4535 vertice
1975 4486 2174 4536 montis
2208 4486 2346 4537 Pelii
2384 4487 2590 4539 cultum
2639 4500 2761 4537 cum
2798 4488 2931 4537 olim
2982 4486 3215 4539 Actaeus
3260 4488 3562 4554 appellatus
3612 4486 3778 4537 suerit
3830 4483 4063 4546 posteris
4108 4483 4332 4535 demum

1437 4572 1768 4635 temporibus
1806 4573 2028 4639 antiquo
2066 4587 2348 4625 sacrorum
2386 4576 2497 4625 ritu
2532 4578 2741 4627 mutato
2794 4574 3063 4625 Acraeam
3115 4580 3555 4641 cognominatum
3604 4587 3725 4625 esse
3780 4570 3982 4623 statuit.
4054 4568 4331 4632 Equidem

1435 4662 1622 4713 Iovem
1661 4660 1922 4712 Actaeam
1959 4675 2184 4726 usquam
2223 4662 2486 4715 Graeciae
2525 4664 2728 4714 cultum
2766 4678 2885 4714 esse
2910 4677 3020 4715 uon
3050 4668 3220 4731 magis
3258 4668 3390 4718 mihi
3428 4662 3753 4730 persuadere
3780 4672 3997 4721 possum
4032 4670 4191 4721 quam
4220 4654 4329 4703 Ac·

1435 4756 1686 4802 taeonem
1725 4753 1876 4802 cuius
1913 4752 2264 4803 simulacrum
2301 4752 2592 4804 Chironem
2630 4754 2695 4804 ad
2722 4767 2915 4804 cauum
2952 4756 3161 4807 rabiem
3190 4756 3483 4807 sedandam
3509 4748 3809 4802 confecisse
3836 4746 4002 4794 tradit
4033 4742 4333 4808 Apollodo-

1437 4854 1530 4891 rus
1567 4837 1686 4907 (ΙΙΙ,
1713 4850 1766 4903 4,
1799 4838 1858 4908 4)
1897 4842 1964 4893 ad
1999 4842 2212 4893 Pelium
2249 4848 2490 4895 montem
2528 4844 2831 4911 pertinere,
2868 4844 2963 4895 sed
3002 4846 3107 4896 hoc
3142 4846 3320 4907 ipsum
3356 4838 3703 4891 simulacrum
3742 4834 4021 4885 diversum
4058 4844 4169 4883 non
4206 4840 4333 4880 esse

1435 4936 1564 4993 puto
1601 4933 1667 4982 ab
1704 4945 1771 4982 eo
1808 4933 1951 4997 quod
1989 4930 2318 4984 orchomeni
2358 4934 2414 4984 iu
2450 4933 2673 5005 Boeotia
2710 4934 2848 4985 vidit
2882 4933 3177 4983 Pausanias
3213 4927 3415 4993 (Vllss.
3450 4932 3535 4980 ³8.
3574 4921 3646 4987 fi)-
