4607 6238
1521 719 1875 788 ,11„.

1054 1025 1514 1109 Quaestiones
1563 1041 1714 1090 cum
1759 1021 2078 1114 praemiis
2123 1019 2541 1111 propositae.

1205 1170 1275 1234 ln
1319 1187 1528 1234 annos
1582 1163 1758 1241 1863,
1795 1177 1862 1231 et
1910 1162 2096 1230 1864.

1165 1307 1224 1346 a.
1301 1293 1390 1345 Ab
1429 1291 1644 1344 ordine
1676 1289 2147 1358 Theologorum.

353 1421 520 1476 Liber
552 1419 650 1473 ille
693 1417 816 1472 «de
855 1416 1139 1471 mortibus
1189 1418 1676 1488 persecutorum»
1732 1417 1790 1468 et
1828 1413 1898 1467 ad
1937 1411 2232 1468 historiam
2284 1412 2735 1469 ecclesiasticam
2782 1415 2968 1485 quarti
3018 1415 3107 1470 in—
3154 1475 3159 1484 ,

214 1511 403 1584 primis
441 1507 655 1564 saeculi
703 1504 1140 1577 haudquaquam
1190 1503 1553 1574 spernendus
1592 1507 1652 1556 et
1686 1487 1885 1556 nostro
1925 1506 2187 1574 tempore
2226 1502 2477 1558 virorum
2517 1504 2812 1558 doctorum
2852 1503 3108 1574 disputa-

213 1599 450 1657 tionibus
487 1599 726 1653 multum
757 1597 1003 1666 jactatus
1041 1610 1208 1666 quam
1248 1593 1530 1664 originem
1577 1593 1863 1664 iidemque
1911 1591 2142 1656 habeat,
2202 1594 2468 1646 accurate
2507 1591 2928 1663 diligenterque
2968 1607 3107 1648 exa-

207 1691 471 1744 minetur.

1121 1765 1180 1857 i».
1255 1802 1343 1855 Ab
1381 1801 1596 1854 ordine
1633 1799 2159 1866 Philosophorum.

1383 1905 1665 1962 Sectionis
1705 1905 1941 1976 primae.
2227 1885 2251 1906 ‘

357 2015 431 2070 lis
468 2030 614 2086 quae
653 2017 726 2070 de
787 2013 1019 2070 Sallusti
1055 2013 1172 2070 vita
1221 2018 1392 2083 atque
1439 2011 1694 2068 moribus
1739 2011 2103 2081 partiumque
2143 2009 2331 2064 studio
2388 2011 2705 2078 traduntur,
2776 2011 2963 2066 denuo
3017 2028 3113 2067 ac-

214 2103 570 2160 curatissime
609 2102 947 2160 examinatis
987 2102 1279 2173 libroque,
1337 2117 1510 2173 quem
1564 2101 1682 2158 ine.
1715 2101 1789 2154 de
1839 2098 2112 2154 Catilinae
2169 2099 2561 2154 coniuratione
2613 2099 2843 2170 scripsit
2879 2115 3005 2154 cum
3042 2101 3113 2156 iis

213 2209 362 2263 quae
415 2194 488 2248 de
528 2194 734 2248 eadem
791 2208 856 2247 re
909 2192 1059 2261 apud
1117 2192 1260 2247 alios
1315 2191 1679 2246 inveniuntur
1715 2187 2135 2244 narrationibus
2182 2188 2392 2257 partim
2430 2189 2888 2258 discrepantibus
2943 2205 3112 2261 quam

217 2281 650 2348 diligentissime
688 2284 1020 2352 comparato
1057 2280 1156 2348 ita,
1196 2285 1254 2334 ut
1292 2277 1424 2349 quid
1465 2293 1668 2332 verum
1707 2276 1781 2331 sit
1803 2276 1895 2331 via
1932 2280 1993 2330 et
2017 2276 2236 2330 ratione
2263 2277 2597 2346 inquiratur,
2642 2277 2943 2333 Sallustius
2982 2295 3113 2334 num

218 2371 274 2423 in
315 2371 712 2440 componendo
747 2370 845 2425 ilio
883 2370 1059 2438 libro,
1102 2369 1235 2425 licet
1261 2384 1390 2423 eum
1429 2382 1637 2438 »quam
1675 2365 1978 2422 verissime
2016 2363 2228 2435 possita
2271 2380 2405 2420 sese
2444 2368 2787 2436 scripturum
2827 2367 2953 2437 ipse
2981 2383 3117 2439 pro-

217 2459 409 2512 fessus
435 2459 528 2525 sit,
569 2458 720 2513 aliud
748 2458 1032 2529 quoddam
1061 2457 1359 2513 consilium
1386 2459 1618 2510 secutus
1646 2455 1740 2521 sit,
1782 2459 1862 2522 et,
1903 2453 1952 2508 si
1986 2453 2044 2507 id
2084 2457 2315 2508 secutus
2354 2455 2445 2522 sit,
2485 2454 2633 2510 istud
2673 2456 2920 2511 studium
2948 2471 3115 2526 quam

216 2547 328 2600 vim
367 2547 426 2601 in
464 2545 638 2602 rebus
676 2543 854 2616 gestis
893 2546 965 2602 ab
1003 2562 1075 2601 eo
1114 2544 1475 2616 exponendis
1514 2542 1802 2610 habuerit,
1843 2542 2184 2596 diiudicetur
2221 2548 2280 2598 et
2318 2549 2653 2614 exponatur.

1381 2650 1666 2706 Sectionis
1705 2649 1959 2704 alterius.

359 2741 704 2797 Elaboretur
738 2741 1154 2812 monograpbia
1202 2756 1314 2811 qua
1363 2754 1536 2794 unum
1573 2735 1798 2807 aliquod
1839 2751 2020 2805 genus
2057 2739 2151 2794 vel
2189 2740 2357 2811 plura
2394 2756 2612 2810 genera
2655 2742 2929 2798 affinitate
2967 2742 3119 2796 inter

218 2845 282 2883 se
323 2829 618 2884 coniuncta
657 2830 982 2885 animalium
1021 2830 1416 2898 indigenarum
1454 2827 1578 2882 sive
1617 2824 1926 2883 viventium
1963 2825 2086 2882 sive
2125 2827 2400 2882 fossilium
2439 2829 2859 2905 describantur.

1239 2937 1310 3001 In
1358 2956 1565 3002 annos
1619 2930 1788 2999 1864
1835 2946 1900 3000 et
1952 2931 2138 3025 1365.

1119 3074 1178 3112 a.
1257 3061 1342 3113 Ab
1388 3059 1602 3112 ordine
1636 3058 2229 3113 Jureeonsultorum.

363 3166 584 3235 Quibus
624 3166 796 3220 rebus
851 3170 1050 3220 nostra
1107 3166 1357 3221 societas
1405 3168 1751 3223 mercatoria
1796 3184 1831 3223 a
1877 3156 2468 3237 Romanorum'quam
2507 3168 2797 3224 vocabant
2844 3170 3121 3235 societate

220 3256 470 3322 differat,
514 3254 734 3309 ratione
770 3252 1053 3324 imprimis
1090 3270 1227 3310 usus
1263 3256 1416 3326 apud
1445 3254 1856 3324 Francogallos
1883 3256 2212 3321 obtinentis,
2243 3256 2389 3325 juris
2427 3256 2756 3313 Turicensis
2796 3259 3121 3329 codicisque

215 3344 532 3399 communis
571 3344 762 3412 legum
799 3342 1275 3411 mercator-iarum
1314 3342 1641 3397 Germanici
1678 3342 1871 3397 habita
1907 3347 2245 3412 exponatur.

1225 3452 1283 3504 b.
1359 3450 1448 3503 Ab
1485 3450 1700 3503 ordlne
1734 3450 2129 3504 Medlcorum.

367 3550 717 3621 Colligantur
756 3562 926 3627 atque
964 3558 1114 3613 inter
1161 3571 1226 3611 se
1274 3556 1641 3611 conserantur
1679 3572 1886 3612 causae
1927 3572 2033 3612 eae
2072 3572 2146 3611 ex
2183 3557 2387 3628 quibus
2430 3574 2762 3629 gangraena
2802 3567 3123 3632 spontanea

220 3640 383 3694 nasci
422 3641 627 3710 possit,
666 3641 745 3696 ita
783 3648 842 3698 nt
876 3645 1424 3714 perscrutationibus
1466 3648 1525 3699 et
1564 3645 2090 3715 experimentorum
2143 3661 2253 3715 ope
2292 3647 2455 3703 l'actis
2496 3652 2555 3704 et
2591 3649 3125 3721 pathologico-ana-

224 3729 445 3783 tomicis
475 3729 788 3785 illustretur
827 3748 896 3785 ac
933 3734 1302 3788 confirmetur
1341 3735 1772 3790 demonstratio.

1016 3994 1268 4048 Publica
1303 3995 1561 4049 doeendl
1599 3970 1995 4063 dlseendlque
2032 3998 2328 4051 subsidia.

361 4133 623 4189 Instituto
673 4136 1138 4192 medico-clinico
1176 4141 1416 4207 praeest
1462 4137 1532 4193 G.
1577 4124 1953 4203 Gnmsisssm
2013 4136 2576 4207 chirurgico-clinico
2632 4142 2741 4196 Tu.
2802 4144 3123 4214 Βιιιιοτι,

125 4280 130 4283 ,
227 4220 980 4292 ophthalmologico-clinico
1018 4226 1077 4281 F.
1115 4226 1380 4291 Bonan.
1425 4225 1996 4282 obstetricio-clinico
2034 4226 2102 4280 B.
2145 4226 2441 4297 Bassus,
2482 4231 2805 4301 policliuico
2843 4232 2907 4287 F.
2940 4232 3121 4289 Gon..

225 4309 578 4367 laboratorio
631 4310 888 4369 chemico
941 4314 1010 4369 G.
1062 4315 1387 4382 Suionas,
1429 4314 1828 4385 physiologico
1877 4316 1946 4369 A.
1981 4315 2161 4373 Ἕκα.
2237 4314 2479 4373 Praesto
2527 4327 2617 4375 est
2676 4326 2989 4394 apparatus
3038 4322 3128 4377 in-

223 4403 679 4455 strumentorum
730 4402 802 4455 ad
839 4399 1082 4472 physica
1118 4404 1528 4473 pertinentium
1569 4412 1628 4459 et
1653 4419 1914 4459 museum
1940 4405 2313 4474 zoologicum‚
2354 4407 2846 4480 mineralogicum‚
2887 4410 3127 4466 archae-

225 4488 494 4557 logicum‚
533 4504 644 4544 nec
682 4489 852 4545 deest
889 4488 1091 4545 hortus
1129 4492 1448 4549 botanicus.

367 4576 432 4632 ln
471 4579 945 4634 seminarium
971 4578 2054 4654 philologico-paedagogicum‚
2095 4585 2184 4638 cui
2221 4595 2459 4654 praeest
2484 4586 2548 4642 C:
2574 4586 2846 4654 Bunsus,
2888 4605 3016 4644 cum
3054 4590 3127 4643 ad

226 4667 414 4721 omnia
451 4668 926 4725 exercitationum
953 4684 1170 4739 genera
1211 4670 1394 4725 socii
1431 4676 1491 4725 et
1527 4672 1875 4727 ordinarii
1917 4678 1977 4729 et
2011 4674 2584 4730 extraordinarii
2623 4676 2974 4747 recipiuntur
3013 4681 3129 4732 tum

231 4754 306 4803 ad
343 4754 566 4823 singula
621 4762 680 4812 et
717 4761 1108 4813 consortes
1157 4763 1216 4814 et
1252 4759 1632 4815 auditores
1683 4762 2098 4821 admittuntur..
2151 4762 2400 4818 Socios
2466 4764 2589 4821 sive
2628 4765 2954 4820 ordinarius
3005 4766 3127 4823 sive
