4607 6238
1469 791 1903 857 ...17-

1503 872 1524 912 ἱ

242 951 740 1040 Ἑλλανοκράτης
785 946 1299 1036 σειτοταμιεύσας
1345 945 1476 1040 ὁδῷ
1523 945 1932 1036 ἕκατομπέδῳ
1983 945 2276 1032 τέρμονα.
2376 946 2516 1013 Fuit
2569 947 2756 1035 igitur
2808 947 2972 1036 lapis
3029 947 3132 1014 cui

244 1075 338 1144 hic
383 1073 602 1142 titulus
648 1070 993 1159 inscriptus
1042 1079 1142 1134 est
1187 1069 1496 1134 terminus
1534 1063 1680 1132 viae
1722 1076 1976 1132 centum
2024 1063 2237 1152 pedes
2283 1064 2346 1130 in
2394 1053 2819 1142 latitudinem,
2872 1075 2942 1130 ut
2985 1063 3133 1130 mihi

243 1191 497 1281 quidem
530 1185 810 1262 videtur,
859 1181 1135 1273 patentis
1151 1181 1212 1269 *)
1261 1181 1522 1271 qualem
1552 1180 1900 1271 Syracusis
1931 1179 2130 1246 fuisse
2164 1189 2419 1247 constat
2453 1180 2532 1262 (v.
2572 1163 2732 1246 Plut.
2766 1179 2953 1247 Dion.
2986 1176 3128 1266 45),

243 1305 484 1394 positus
530 1301 614 1369 ab
658 1300 1110 1378 Hellanocrate
1159 1297 1488 1386 praefecto
1549 1316 1846 1363 annonae
1891 1295 2069 1362 urbis
2115 1296 2394 1388 Amyri
2440 1295 2560 1362 nisi
2610 1296 2795 1363 fallor
2840 1297 2943 1362 cui
2991 1317 3132 1362 mo-

246 1430 686 1487 numentorum
741 1418 1149 1505 antiquorum
1207 1414 1560 1501 fragmenta
1623 1413 1794 1480 circa
1851 1411 2062 1479 vicum
2119 1411 2325 1479 Castri
2386 1421 2643 1479 servata
2704 1411 3024 1479 vindicavi
3074 1413 3135 1478 in

247 1531 684 1622 Geographiae
762 1547 1044 1618 graecae
1115 1527 1239 1595 vol.
1303 1529 1348 1595 1.
1408 1549 1470 1616 p.
1525 1525 1677 1593 104:
1749 1528 1867 1594 nisi
1929 1528 2088 1594 forte
2149 1527 2231 1606 de
2303 1527 2761 1594 Hellanocrate
2825 1529 3131 1596 Larisaeo

239 1651 516 1738 cogitare
561 1647 717 1714 licet
761 1646 948 1712 cuius
996 1643 1388 1711 mentionem
1436 1642 1587 1710 facit
1629 1642 2008 1710 Aristoteles
2059 1619 2188 1731 pol'.
2233 1646 2302 1709 V.
2343 1641 2425 1706 10
2474 1645 2557 1732 (p.
2600 1643 2757 1724 151,
2802 1643 2877 1708 13
2928 1643 3130 1710 Bekk.

237 1766 335 1833 ed.
393 1761 604 1848 misul),
669 1783 820 1830 cum
878 1779 1178 1848 campum
1239 1761 1610 1849 Amyricum
1671 1759 1731 1824 in
1800 1757 2039 1825 ditione
2101 1759 2556 1825 Larisaeorum
2616 1759 2818 1826 fuisse
2880 1771 3134 1828 constet

239 1885 314 1962 [v.
347 1876 570 1967 Steph.
601 1879 760 1969 Byz.
795 1899 846 1942 s,
884 1897 941 1942 v.
969 1870 1282 1962 Ἰωλκός);
1341 1874 1461 1942 sed
1509 1873 1837 1942 scribendi
1885 1875 2045 1942 ratio
2095 1895 2225 1963 qua
2271 1872 2376 1940 hic
2423 1873 2642 1941 titulus
2690 1875 2909 1952 utitur,
2957 1877 3135 1943 velut

236 1997 280 2058 I
314 1995 504 2062 dativi
539 1994 782 2061 omissa
814 2004 878 2060 et
929 1994 1031 2057 EI
1053 2012 1171 2080 pro
1207 1992 1265 2065 I,
1310 1990 1398 2057 ad
1443 2002 1740 2079 tempora
1787 1989 2004 2076 paullo
2053 1991 2414 2057 recentiora
2462 2001 2532 2057 ut
2576 2009 2725 2057 eum
2773 1991 3131 2060 referamus

233 2109 483 2179 suadet.
575 2108 858 2176 Verbum
915 2106 1094 2196 quod
1153 2116 1254 2172 est
1307 2100 1772 2188 σιτοταμιεύειν
1830 2105 2005 2194 quod
2056 2103 2204 2172 alibi
2255 2127 2359 2174 me
2406 2106 2649 2192 legisse
2698 2127 2824 2174 non
2874 2108 3129 2174 memini

235 2247 502 2312 prorsus
551 2224 790 2293 eodem
825 2221 1024 2289 modo
1073 2223 1409 2289 formatum
1457 2230 1560 2288 est
1605 2239 1736 2310 quo
1783 2203 2360 2319 ἄργύῐιοτᾳμιεὺειν
2414 2221 2571 2288 tituli
2614 2222 2888 2313 Carystii
2935 2243 3131 2313 quem

237 2340 552 2406 edidimus
599 2360 726 2428 ego
773 2337 1267 2420 (Quaestionum
1313 2327 2034 2424 Euboicarum'capita‘
2068 2336 2317 2404 selecta
2363 2358 2427 2425 p.
2474 2335 2579 2421 34)
2638 2350 2702 2404 et
2748 2340 2849 2405 Fr.
2897 2337 3131 2405 Hosius

237 2451 1096 2543 (Miscellanea‘philologica
1141 2476 1205 2542 p.
1251 2450 1317 2539 6)
1364 2454 1474 2542 qui
1525 2453 1794 2519 alterum
1845 2453 2144 2519 eiusdem
2189 2452 2371 2520 verbi
2422 2454 2787 2543 exemplum
2843 2456 3046 2522 attulit
3094 2477 3129 2522 e

231 2569 408 2636 titulo
460 2570 776 2637 Tralliano
824 2567 998 2656 (c.1.
1033 2569 1141 2636 Gr.
1177 2592 1238 2636 n.
1265 2566 1466 2646 2930,
1519 2589 1570 2634 v.
1609 2566 1697 2649 9).
1797 2567 2051 2635 Literae
2099 2571 2168 2633 Σ
2206 2569 2407 2660 forma
2460 2570 2897 2638 sinistrorsum
2939 2591 3128 2638 versa

229 2685 351 2753 iam
403 2706 483 2752 ex
531 2685 777 2776 aliquot
822 2685 1013 2751 titulis
1060 2697 1211 2751 nota
1258 2695 1394 2764 est,
1451 2683 1624 2750 velut
1667 2703 1706 2750 e
1754 2659 2072 2771 Spart-‘fun
2121 2684 2290 2768 (c.1.
2326 2684 2433 2751 Gr.
2470 2707 2528 2751 n.
2570 2683 2791 2774 1508),
2848 2685 3131 2753 Thessa-

231 2800 544 2869 lonicensi
594 2797 706 2888 (ib.
741 2824 801 2866 n.
842 2797 1015 2866 1994
1031 2796 1066 2840 f·
1101 2799 1252 2867 add.
1287 2799 1416 2866 vol.
1448 2800 1519 2864 11.
1553 2820 1619 2886 p.
1653 2795 1810 2884 991)
1859 2798 2018 2866 aliis.

403 2917 474 2982 In
522 2915 759 2984 eodem
807 2915 952 2982 vico
1002 2914 1209 2981 Castri
1253 2911 1564 2980 Mezieres
1622 2911 1960 3000 (memoire
2007 2935 2070 3002 p.
2119 2911 2204 2978 86
2250 2933 2322 2962 =
2368 2914 2661 2982 archives
2711 2937 2773 3004 p.
2824 2913 2979 2996 234)
3026 2937 3131 2982 re-

228 3031 394 3121 perit
449 3030 711 3118 cippum
773 3029 834 3094 in
895 3049 1027 3118 quo
1083 3027 1288 3116 figura
1343 3011 1576 3117 equitis
1647 3025 1790 3094 rudi
1863 3027 2216 3097 admodum
2295 3029 2563 3098 artificio
2635 3032 2973 3119 exsculpta
3032 3042 3132 3100 est

227 3144 612 3234 subscriptis
657 3144 854 3212 literis
901 3144 1188 3232 pessime
1234 3144 1516 3211 formatis
1562 3142 1785 3227 hisce3

1423 3262 1921 3327 ΑΝΘΕΜΙΟΤ

1424 3376 1892 3439 ΟΝΙΔΙΝΛΝ

1425 3492 1928 3555 APACITYKI

1421 3608 1902 3671 AHNMNH

557 3796 579 3819 θ
1423 3772 1441 3788 .
1490 3771 1504 3788 .
1557 3771 1572 3787 .
1625 3725 1698 3785 Ν
1723 3724 1800 3787 H
1823 3722 1882 3787 P

207 3820 522 3909 ’Ἀνθεμις
563 3822 684 3894 τὸν
725 3829 858 3895 ww
903 3826 1110 3914 ἄνδρα
1157 3831 1522 3921 Εὐτυχίδην
1564 3836 1842 3923 μνήῡιης
1884 3834 2101 3927 χάρι]ν
2119 3858 2136 3875 ·
2183 3835 2386 3924 fidens
2428 3835 2659 3923 χρηστὲ
2704 3844 2900 3923 χαῖρε.
2982 3844 3051 3907 V.
3094 3844 3117 3905 ί

223 3941 453 4029 procul
513 3941 711 4009 dubio
769 3944 832 4011 in
887 3946 1107 4035 lapide
1153 3958 1255 4015 est
1303 3954 1352 4013 ε’
1387 3972 1516 4016 non
1564 3956 1649 4029 Ε,
1701 3976 1757 4018 ν.
1807 3953 1846 4018 3
1901 3958 2020 4020 ΕΤ
2054 3974 2174 4043 pro
2225 3956 2319 4020 CI
2354 3964 2418 4019 et
2466 3956 2537 4017 X
2573 3974 2691 4042 pro
2738 3954 2818 4021 K.
2914 3958 3127 4023 Accu-

225 4056 404 4123 sativi
455 4057 655 4124 forma
699 4058 832 4125 ἴᾶιν
877 4076 996 4149 pro
1043 4078 1126 4129 eo
1174 4063 1355 4153 quod
1402 4076 1503 4132 est
1545 4067 1720 4131 ἴδιον
1761 4069 2119 4156 repetenda
2165 4080 2267 4136 est
2312 4068 2393 4135 ex
2442 4090 2563 4135 usu
2614 4071 2931 4137 sermonis
2980 4072 3121 4138 vol-

221 4173 430 4258 garis,
495 4172 609 4262 qui
665 4174 1027 4244 etiamnunc
1089 4177 1322 4247 talibus
1387 4181 1700 4271 loquendi
1759 4184 2160 4271 compendiis
2210 4194 2277 4251 ut
2324 4184 2406 4251 ita
2455 4184 2665 4251 dicam
2737 4186 3120 4267 delectatur,

221 4308 418 4376 quem
466 4308 658 4354 usum
706 4288 766 4355 in
813 4293 1175 4361 nominibus
1231 4296 1512 4385 propriis
1556 4298 1688 4365 late
1732 4298 2022 4386 patuisse
2071 4300 2294 4393 docuit
2340 4300 2409 4367 C.
2458 4300 2595 4367 Keil
2646 4301 2707 4368 in
2756 4302 3123 4390 Specimine

219 4403 658 4493 onomatologi
706 4406 951 4492 graeci,
1001 4429 1064 4496 p.
1113 4410 1197 4475 78
1245 4434 1332 4479 ss,

395 4520 565 4586 Inter
610 4521 792 4587 vicos
841 4521 901 4589 in
949 4522 1275 4593 radicibus
1322 4526 1552 4595 montis
1602 4528 1818 4597 Ossae
1865 4551 1992 4620 qua
2055 4531 2389 4599 meridiem
2438 4544 2502 4600 et
2546 4512 2830 4600 montem
2876 4534 3122 4601 Pelium

210 4636 479 4725 respicit
525 4636 680 4703 ritos
727 4638 1098 4725 primarium
1144 4639 1360 4708 locum
1405 4640 1652 4711 obtinet
1695 4647 1748 4712 is
1795 4646 1904 4736 qui
1952 4668 2120 4715 unus
2168 4645 2377 4735 Agia
2424 4648 2684 4726 dicitur,
2752 4650 2937 4717 cuius
2984 4652 3121 4739 agri

361 4811 410 4879 ‘)
482 4814 716 4867 Omnem
754 4819 898 4869 viam
936 4818 1219 4870 latitudine
1258 4822 1678 4884 praecellentem
1716 4817 1852 4876 ὁδὸν
1886 4819 2257 4888 ἑκατόμπεδον
2295 4841 2325 4878 a
2366 4826 2589 4880 Graecis
2628 4827 2832 4880 dictam
2870 4842 2991 4880 esse
3028 4828 3123 4878 do·

207 4900 796 5053 ἷὲειὲὤὴὲοὲὖέἰιιιᾱπί
845 4906 1011 4957 verba
1063 4906 1268 4974 (istium.
1312 4908 1374 4972 V,
1411 4907 1533 4997 22):
1585 4910 1776 4975 μυρίαι
1821 4906 1872 4963 δ’
1908 4906 2076 4979 ἔργων
2121 4914 2302 4965 κακῶν
2350 4908 2612 4982 τέτμηνθ’
2648 4910 3007 4981 ἑκατόμπεδοι
3053 4912 3111 4967 ἐν
