4607 6238
1498 743 1711 807 -—5

240 943 308 1019 2)
378 938 758 1040 Therapiam
806 937 1176 1025 generalem
1223 947 1290 1001 et
1335 935 1926 1023 pharmacologiam
1987 957 2133 1002 cum
2204 939 2751 1007 commilitonibus
2818 940 2919 1006 bis
2968 963 3029 1028 p.
3080 943 3137 1005 h.

239 1117 312 1204 3)
376 1024 774 1182 1ξέἒὲἒὲἑῖ
822 1115 1024 1180 semel
1071 1135 1136 1200 p.
1185 1111 1246 1177 h.
1298 1111 1560 1200 publice
1609 1112 1866 1179 tradere
1915 1125 2162 1202 perget.

1437 1269 1526 1338 A.
1579 1266 1790 1357 Flex,
1842 1269 1960 1338 Dr.

255 1423 318 1496 1)
386 1414 863 1506 Physiologiam
911 1437 1222 1482 sensuum
1271 1414 1467 1480 ternis
1514 1414 1718 1492 horis,
1769 1426 1833 1480 et

247 1507 312 1584 2)
376 1504 916 1570 Introductionem
966 1505 1026 1569 in
1075 1503 1548 1594 physiologiam
1597 1505 1862 1570 totidem
1911 1503 2086 1570 horis
2133 1507 2359 1573 tradet.

246 1594 306 1676 3)
373 1594 879 1660 Exercitationes
927 1603 991 1661 et
1038 1592 1588 1680 perscrutationes
1639 1592 2126 1684 physiologicas
2190 1595 2406 1662 sexies
2456 1619 2518 1682 p.
2568 1595 2628 1661 h.
2679 1597 3135 1663 moderabitur.

242 1681 306 1761 4)
374 1685 470 1748 De
519 1683 660 1748 visu
709 1694 771 1747 et
817 1682 1036 1749 auditu
1083 1683 1192 1758 ita,
1273 1692 1340 1748 ut
1387 1681 1668 1746 omnium
1718 1681 2010 1747 ordinum
2060 1684 2600 1750 commilitonibus
2648 1687 3137 1752 accommodata

377 1771 458 1836 sit
504 1771 988 1846 demonstratio,
1039 1771 1310 1859 singulis
1358 1769 1530 1835 horis
1577 1779 1744 1857 aget.

1349 1933 1427 2004 B.
1479 1934 1816 2006 BansLAU
1835 1987 1854 2024 ,
1905 1937 2028 2020 Dr.

249 2081 308 2167 1)
376 2083 541 2148 Artis
589 2082 1003 2150 obstetriciae
1051 2080 1365 2147 rationem
1411 2081 1738 2170 quaternis
1785 2081 1960 2149 horis
2009 2084 2397 2173 explanabit.

241 2172 301 2255 2)
373 2172 658 2238 Clinicen
708 2170 1148 2238 obstetriciam
1198 2182 1263 2237 et
1307 2170 1886 2260 gynaecologicam
1935 2173 2130 2238 ternis
2178 2172 2355 2239 horis
2403 2174 2862 2240 moderabitur.

239 2259 306 2346 3)
381 2263 470 2325 De
519 2260 762 2327 morbis
810 2261 1058 2347 primae
1107 2259 1404 2326 infantiae
1451 2261 1728 2346 propriis
1773 2273 1873 2337 ter
1918 2284 1979 2350 p.
2031 2261 2090 2326 h.
2141 2274 2310 2350 aget.

780 2435 865 2515 2.
996 2434 1610 2542 Professorum
1675 2437 2607 2522 eoetraordinariorum.

1265 2603 1354 2672 A.
1406 2603 1484 2672 L.
1537 2601 1919 2692 cmiizru,
1971 2605 2092 2674 Dr.

248 2750 304 2826 ί)
378 2750 466 2814 De
517 2715 834 2815 medicina
885 2748 1144 2836 publica
1189 2749 1392 2815 ternis
1440 2749 1616 2815 horis
1664 2761 1964 2835 exponet.

243 2836 304 2919 2)
375 2837 721 2940 Doctrinae
779 2836 860 2903 de
932 2839 1119 2927 aquis
1189 2837 1528 2903 medicatis
1598 2847 1850 2924 partem
1911 2850 1974 2903 et
2033 2841 2409 2925 generalem
2457 2851 2521 2907 et
2568 2841 2921 2927 specialem
2972 2838 3135 2904 binis

241 3010 301 3095 3)
372 2925 892 3167 Ξῖῗὲιιῗιιὲἓῖἓὲἑῖ
933 3007 1082 3079 inde
1129 3035 1166 3079 a
1215 3033 1392 3080 saec.
1439 3015 1566 3079 XV.
1617 3012 1827 3102 usque
1861 3014 1942 3082 ad
1992 3030 2212 3084 nostra
2245 3029 2539 3106 tempora
2572 3018 2899 3085 historiam
2934 3018 3135 3084 semel

372 3123 434 3189 p.
531 3153 544 3167 .
595 3122 824 3168 enarra
877 3112 937 3167 tt.
2047 3132 2051 3135 ·

1381 3216 1459 3285 F.
1513 3216 1816 3287 Hommn
1831 3268 1850 3304 ‚
1913 3218 2032 3287 Dr.

241 3344 304 3420 1)
374 3342 656 3408 Clinicen
705 3302 1360 3429 ophthalmologicam
1410 3346 1606 3421 ternis
1654 3342 1828 3414 horis
1877 3345 2337 3413 moderabitur.

238 3432 300 3502 2)
372 3431 596 3496 Oculis
647 3430 949 3497 medendi
998 3442 1200 3497 artem
1251 3431 1461 3520 quinis
1510 3431 1753 3499 scholis
1801 3431 2085 3501 docebit.

245 3514 306 3597 3)
383 3518 651 3582 Cursum
699 3520 1145 3607 operationum
1197 3519 1258 3585 in
1309 3521 1516 3586 oculis
1562 3522 2000 3587 faciendarum
2049 3522 2148 3589 bis
2193 3546 2258 3613 p.
2309 3521 2369 3588 h.
2418 3525 2714 3591 instituet.

967 3678 1482 3766 Ruunt-misen,
1535 3678 1692 3767 Dr.‚
1739 3666 2103 3776 prosector
2151 3682 2401 3775 pathol.

247 3818 308 3904 1)
375 3818 798 3907 Histologiam
849 3820 1324 3908 pathologicam
1371 3822 1536 3891 binis
1585 3826 1824 3893 scholis
1874 3828 2157 3895 docebit.

245 3906 308 3983 2)
379 3906 650 3973 Cursum
721 3906 1190 3976 obductionum
1258 3913 1444 3977 simul
1517 3917 2007 3983 exercitationes
2083 3918 2591 4005 microscopicas
2674 3918 3129 3985 moderaturus

375 3997 702 4084 quaternis
750 3996 993 4065 scholis
1042 3998 1341 4065 instituet.

1084 4157 1171 4237 3.
1273 4156 1698 4242 Privatim
1758 4162 2268 4246 docentium.

1353 4308 1433 4378 H.
1489 4308 1844 4400 Svennu,
1894 4312 2015 4382 Dr.

233 4447 506 4515 Cursum
555 4451 1003 4537 operationum
1051 4452 1568 4523 obstetriciarum
1619 4456 1716 4525 bis
1767 4480 1828 4545 p.
1879 4458 1936 4524 h.
1990 4430 2284 4528 instituet.

1341 4610 1404 4679 J.
1459 4612 1848 4703 ΒιιιΕτΕιι,
1899 4616 2019 4686 Dr.

242 4748 394 4815 Oris
442 4751 914 4841 physiologiam
966 4776 1044 4822 ac
1093 4756 1526 4845 pathologiam
1575 4760 1736 4827 binis
1785 4761 1959 4830 horis
2008 4766 2233 4835 tradet.

4575 2866 4584 2919 !=

4574 2940 4584 3061 f
